3642 5550
618 615 649 663 B.
676 616 776 678 Hymni
794 615 827 665 <le
844 617 974 680 Tempore
991 616 1105 678 Proprii.

481 787 510 848 2.
545 786 646 864 Cerne,
671 786 748 859 quod
770 803 853 863 puro,
876 788 964 859 Deus,
987 788 1148 847 inhonore

544 872 632 931 Plebs
653 877 703 930 tna
726 873 847 945 supplex
871 881 989 933 resonat
1009 873 1040 931 in
1062 875 1137 947 aula,

547 958 651 1016 Annua
672 957 752 1015 euius
775 959 897 1016 redeunt
917 959 1038 1017 colenda

687 1043 830 1116 Tempora
853 1042 937 1103 festa.

483 1250 512 1310 3.
547 1247 628 1305 Haec
652 1248 752 1306 domus
775 1248 831 1305 rite
855 1248 908 1305 tibi
932 1248 1067 1307 dedicata

549 1332 695 1401 Noscitnr,
718 1333 749 1390 in
771 1349 827 1404 qna
848 1334 972 1406 populus
994 1339 1139 1392 sacratum

548 1417 659 1490 Corpus
681 1418 802 1475 assumit
823 1418 896 1476 bibit
919 1425 948 1477 et
970 1418 1048 1477 beati

687 1502 840 1577 Sanguinis
863 1504 1007 1567 haustum.

489 1712 518 1768 4.
553 1708 610 1766 Hic
632 1709 810 1768 sacrosancti
831 1710 933 1767 latices
955 1716 1088 1769 veternas

548 1794 670 1852 Diluunt
693 1795 792 1867 culpas
815 1796 1016 1868 perimuntque
1037 1812 1138 1862 noxas,

549 1879 713 1939 Chrismate
735 1896 805 1939 veru
827 1897 916 1954 genus
939 1888 971 1938 ut
992 1887 1107 1940 creetur

688 1964 935 2026 Christicolarum.

484 2173 513 2229 5.
547 2169 604 2227 Hic
626 2171 704 2228 salus
727 2171 831 2243 aegris,
855 2170 1000 2228 medicina
1021 2167 1116 2244 fessis,

549 2256 659 2314 Lumen
680 2255 799 2332 orbatis,
824 2256 965 2328 veniaque
987 2256 1094 2313 nostris

547 2340 653 2398 Fertur
675 2340 801 2415 offensis,
827 2342 914 2399 timor
936 2347 1022 2413 atque
1044 2356 1157 2399 maeror

688 2426 811 2485 Pellitur
832 2426 934 2485 omnis.

483 2633 512 2692 6.
547 2630 702 2689 Daemonis
723 2647 810 2691 sueva
832 2630 909 2704 perit
930 2631 979 2688 hic
1000 2630 1113 2705 rapina,

546 2716 689 2777 Pervieax
712 2722 870 2775 monstrum
893 2721 980 2789 pavet
1003 2723 1032 2773 et
1053 2720 1166 2774 retenta

548 2802 678 2876 Corpora
701 2802 833 2875 linquens
857 2800 931 2875 fugit
952 2804 982 2859 in
1005 2808 1129 2860 remotas

688 2888 774 2948 Ocius
796 2887 922 2945 umbras.

482 3092 512 3154 7.
546 3094 603 3152 Hir
624 3093 704 3151 locus
726 3108 830 3165 nempe
855 3092 1000 3150 vocitatur
1021 3091 1088 3150 aula

549 3179 637 3252 Regis
660 3178 790 3236 immensi
813 3178 953 3250 niveaque
976 3177 1048 3235 caeli

542 3265 642 3339 Porta,
665 3279 739 3337 quae
761 3264 837 3322 vitae
860 3263 985 3335 patriam
1008 3271 1140 3335 petentes

688 3350 807 3422 Accipit
829 3365 946 3424 omnes;

482 3555 510 3613 8.
547 3554 647 3614 Turbo
672 3571 755 3627 quam
779 3555 876 3612 nullus
898 3553 992 3627 quatit
1015 3559 1065 3612 aut
1086 3559 1223 3626 vagantes

545 3639 672 3698 Diruunt
693 3639 772 3697 venti
795 3645 1004 3714 penetrantque
1026 3639 1126 3713 nimbi,

547 3725 613 3782 Non
635 3724 737 3783 taetris
759 3725 851 3783 laedit
873 3726 972 3797 piceus
994 3724 1121 3782 tenebris

688 3809 828 3868 Tartarus
850 3810 982 3869 horrens.

484 4016 514 4074 9.
547 4014 724 4084 Quaesumus
747 4029 825 4087 ergo,
847 4013 936 4087 Dens,
960 4020 992 4071 nt
1013 4029 1116 4072 sereno

547 4100 668 4157 Adnuas
690 4100 773 4158 vultu
795 4097 919 4159 famulus
940 4099 1112 4176 gubernans,

549 4185 604 4256 Qui
626 4185 669 4242 tui
692 4201 801 4243 summo
824 4184 974 4242 celebrant
995 4200 1092 4243 amore

690 4270 804 4329 Gaudia
824 4270 936 4342 templi.

465 4457 515 4517 10.
550 4457 639 4515 Nulla
661 4473 713 4515 nos
735 4457 812 4516 vitae
835 4457 944 4514 cmuiet
966 4457 1111 4530 molestas,

549 4542 614 4601 Sint
640 4542 701 4600 dies
724 4543 793 4600 laeti
816 4542 1005 4615 placidaeque
1027 4549 1135 4619 noctes,

551 4627 655 4685 Nullus
679 4643 713 4685 ex
736 4627 819 4685 nobis
843 4634 982 4701 pereunte
1003 4627 1109 4685 mundo

690 4712 802 4771 Sentiat
823 4713 914 4785 ignes.

325 4815 446 4870 Blume,
460 4816 582 4860 Thesauri
595 4817 763 4871 hymnologlci
776 4817 949 4870 Hymnarium.
