3642 5550
667 646 696 694 B.
717 646 824 709 Hymni
842 646 875 695 de
892 645 1021 712 Tempore
1038 647 1152 711 Proprii.
1240 662 1242 666 ⁴

730 848 774 902 ta.
803 848 848 901 lie
867 847 976 903 saneta
995 848 1102 903 Cruoe.

797 955 833 1003 In
856 955 1056 1004 Paraseeve

324 1091 383 1151 la.
417 1090 617 1163 Triumphalis
638 1090 748 1163 gloriae

415 1175 500 1234 Diem
522 1176 638 1249 plenum
661 1176 748 1234 bodie

415 1261 603 1321 Commendat
624 1262 763 1319 ecclesiae

415 1346 559 1405 Vexillum
581 1347 729 1408 victoriae.

319 1504 384 1562 2a.
415 1501 451 1559 In
473 1501 553 1558 euius
575 1501 727 1574 imaginem

414 1587 576 1644 immissum
598 1586 628 1644 in
651 1587 794 1645 bominem

413 1672 537 1744 Lignum
558 1672 589 1730 in
613 1672 795 1730 dulcedinem

413 1756 563 1818 Convertit
585 1757 767 1831 salsuginem.

319 1914 381 1972 aa.
413 1911 502 1984 Ergo,
526 1912 636 1984 signum

410 1996 472 2055 Deo
495 1997 621 2069 dignum,

409 2082 517 2141 Forma
540 2082 620 2139 cuins

411 2168 497 2227 Orbis
519 2168 603 2225 buius

454 2252 594 2325 Designat
616 2250 751 2326 effigiem,

315 2408 381 2467 4a.
413 2406 500 2465 Istius
523 2408 655 2479 mysterii

410 2491 466 2549 Dei
488 2497 560 2549 nutu
582 2493 706 2565 praescii

410 2576 578 2650 synagogae
600 2576 652 2635 iilii

411 2662 500 2719 Fiunt
522 2663 638 2723 Christo
659 2664 779 2738 praevii,

320 2821 378 2880 ba.
406 2818 460 2875 illi
483 2833 585 2877 vocum
608 2818 731 2877 modulis

409 2903 482 2962 Cum
504 2904 664 2976 palmarum
687 2904 794 2977 patulis

409 2989 449 3046 Et
471 2988 642 3061 quibusdam
666 2990 796 3065 ramuliS,

409 3074 469 3132 Nos
493 3090 555 3132 tum
579 3076 653 3132 votis
676 3075 785 3133 sedulis

949 1091 1005 1152 11).
1032 1092 1179 1163 Prompsit
1200 1092 1288 1151 Iacob
1314 1092 1387 1150 visio

1032 1178 1096 1235 Hoc
1118 1177 1214 1235 scalae
1235 1178 1396 1254 praesagio,

1032 1262 1119 1320 Cuius
1143 1263 1214 1320 caeli
1238 1263 1316 1336 regio

1032 1348 1216 1421 Tangebatur
1239 1348 1342 1424 spatio,

947 1503 1004 1565 21).
1032 1502 1173 1574 Sareptae
1194 1502 1374 1574 paupercula

1032 1587 1097 1646 Duo
1119 1588 1218 1660 legens
1240 1587 1349 1660 lignula

1031 1674 1086 1731 His
1110 1674 1203 1731 erneis
1221 1674 1338 1731 oracula

1031 1758 1103 1816 Fert
1124 1759 1197 1833 legis
1220 1759 1273 1816 sub
1296 1758 1411 1821 nebula.

945 1913 1003 1975 31).
1031 1912 1139 1972 Christi
1162 1912 1278 1984 sanguis

1030 2000 1125 2070 Caput
1147 1999 1247 2070 anguis

1029 2083 1064 2141 In
1086 2088 1116 2140 te
1138 2081 1226 2155 fregit

1029 2168 1068 2227 Et
1091 2168 1204 2241 subegit

1071 2254 1120 2313 Ad
1143 2269 1234 2326 usque
1256 2253 1424 2325 perniciem.

942 2407 1002 2468 4b.
1029 2407 1145 2466 Petenti
1168 2406 1329 2479 patibulum

1029 2493 1139 2564 Crucis,
1163 2492 1271 2564 paseha
1293 2492 1440 2564 paululum
1499 2560 1504 2573 ι

1027 2579 1088 2651 Quo
1110 2594 1164 2649 per
1186 2577 1286 2634 mortis
1309 2577 1445 2649 pabulum

1028 2664 1114 2722 Vitae
1137 2663 1220 2722 daret
1242 2662 1398 2724 saeculum.

945 2818 1001 2879 51).
1030 2818 1221 2876 Procedamus
1244 2818 1357 2875 obviam

1031 2903 1201 2962 sternentes
1223 2903 1372 2962 lasciviam

1029 2989 1069 3047 Et
1090 2989 1204 3048 inanem
1227 2989 1347 3062 gloriam

935 3097 938 3102 ·
1030 3075 1131 3135 Crucis
1152 3075 1182 3132 in
1205 3075 1380 3134 memoriam.

391 3227 470 3292 Trop.
490 3242 536 3275 ms.
550 3227 694 3276 Catinense
712 3243 780 3280 saeo.
796 3225 834 3278 ll.
848 3244 889 3278 ex.
920 3226 982 3277 cod.
995 3209 1118 3276 Vatican.
1130 3228 1225 3278 Urbin.
1238 3224 1297 3278 602.
1310 3227 1369 3277 add.
1382 3243 1451 3277 saec.
1467 3223 1505 3277 12.

317 3297 371 3345 Mit
388 3294 512 3345 Melodie.
530 3323 564 3331 -
585 3292 638 3354 lb,
657 3291 668 3342 1
688 3296 824 3346 Promisit.
843 3325 876 3332 -
903 3295 927 3355 1,
945 3297 971 3357 b,
989 3293 1006 3344 2
1024 3290 1130 3359 [H]o[c]
1148 3297 1244 3345 scalae.
1263 3322 1295 3330 —
1314 3293 1338 3356 2,
1357 3297 1382 3358 b,
1400 3293 1418 3344 4
1434 3296 1504 3344 Fret.

320 3393 353 3399 —
376 3360 429 3424 4a,
451 3363 584 3413 4Staunt
603 3363 717 3414 Christo.
741 3391 776 3398 -
797 3361 849 3425 4b,
872 3361 891 3414 4
913 3364 984 3413 dare.
1007 3389 1042 3398 -
1059 3365 1091 3412 In
1116 3363 1163 3412 der
1180 3367 1228 3414 Hs.
1253 3363 1319 3413 fehlt
1331 3363 1406 3428 jeder
1424 3364 1503 3413 Titel.

321 3433 372 3482 Die
391 3432 470 3481 Form
494 3434 529 3480 ist
542 3432 604 3496 jene
622 3434 696 3481 einer
714 3432 846 3496 Sequenz3
870 3433 916 3482 der
934 3432 1024 3481 Inhalt
1043 3433 1105 3481 litlot
1123 3433 1200 3481 einen
1218 3432 1502 3496 Processionshymuus

320 3501 363 3549 fdr
387 3500 431 3549 die
448 3500 576 3550 Adoratio
600 3503 686 3550 erneis
707 3497 761 3562 (afr.
786 3502 878 3566 vorige
896 3499 1031 3562 Nummer)
1053 3501 1116 3549 oder
1138 3502 1180 3550 fiir
1197 3502 1339 3550 Dominiea
1357 3501 1505 3566 palmarum

319 3573 467 3627 normaton,
485 3568 590 3618 iudom
609 3569 660 3619 Str.
680 3564 696 3617 3
713 3569 851 3619 vielleioht
868 3570 918 3618 den
937 3570 1045 3618 Refrain
1063 3569 1155 3619 bildet.

732 3787 778 3843 so.
806 3789 850 3843 De
868 3788 976 3843 saneta
986 3752 1102 3845 Cruoe

941 3933 969 3990 3.
1005 3930 1058 4003 Tu,
1083 3930 1207 4005 Christe,
1231 3947 1282 3988 rex
1304 3929 1441 4007 piissime,

1003 4016 1096 4073 Huius
1119 4017 1213 4074 omeis
1235 4015 1383 4089 signaculo

1001 4102 1099 4177 Horis,
1121 4102 1273 4159 momentis
1295 4100 1425 4159 omuibus

1001 4187 1117 4244 Munire
1139 4204 1191 4245 nos
1214 4204 1269 4245 non
1291 4185 1411 4261 abnuas,

324 3933 353 3990 1.
387 3930 506 4002 Signum
529 3929 623 3987 amois
645 3929 777 3987 mirabile
851 3962 853 3967 ι

388 4015 464 4075 Olim
486 4031 539 4087 per
561 4015 660 4072 orbem
683 4015 838 4089 praenitet,

387 4101 421 4158 In
445 4116 501 4172 qua
522 4099 662 4175 pependit
684 4100 821 4158 innocens

387 4186 529 4262 Christus,
553 4185 721 4258 redemptor
742 4187 876 4246 omnium.

940 4342 969 4399 4.
1004 4340 1045 4399 Ut
1066 4357 1116 4398 ore
1138 4340 1192 4398 tibi
1215 4355 1338 4398 consono

1002 4425 1042 4483 Et
1065 4426 1151 4482 corde
1172 4426 1356 4484 devotissimo

1003 4509 1147 4567 Pessimus
1170 4511 1247 4568 omni
1269 4516 1398 4583 tempore

1002 4595 1116 4653 Laudes
1140 4593 1249 4653 referre
1273 4596 1394 4659 debitas

326 4339 354 4397 2.
384 4339 466 4397 Haeo
488 4338 574 4396 arbor
597 4345 640 4396 est
662 4338 812 4396 sublimior

387 4423 498 4500 Cedrls,
522 4423 610 4481 habet
632 4440 702 4495 quas
725 4423 862 4498 Libanus,
896 4432 899 4436 ’

384 4511 465 4582 Quae
486 4525 571 4583 poma
593 4509 686 4566 nescit
707 4509 793 4566 noxia

386 4594 445 4653 Sed
469 4591 546 4652 ferre
565 4594 642 4653 vitae
664 4595 801 4666 praemia.

674 4753 702 4809 5.
718 4785 719 4789 =
738 4749 857 4808 Praesta
879 4756 963 4823 pater
985 4748 1122 4821 piissime.
