3642 5550
318 628 380 691 166
578 628 644 677 Pars
662 629 683 677 l.
720 628 818 691 Hymni
836 628 1016 694 antiquissimi
1034 641 1102 676 susc.
1120 627 1234 676 V.—ll1.

521 803 552 860 2.
586 799 677 858 Nobis
699 800 756 859 ista
779 800 840 859 diss
863 799 1024 873 sumptibus
1045 799 1147 872 innuit,

587 885 660 958 Quid
683 891 723 958 tu,
747 887 810 958 quis
833 886 936 959 opibus
957 884 1089 944 demeris
1110 885 1192 955 situs,

587 972 657 1030 Cum
681 973 767 1029 terris
790 972 925 1030 redolens
947 970 1045 1029 infima
1066 971 1217 1042 presseris.

725 1058 885 1130 Augustino
908 1056 1068 1129 placabilis.

523 1231 554 1289 3.
587 1228 631 1286 Tu
654 1226 739 1287 factis
763 1227 889 1285 renitens
911 1243 1037 1300 voceque
1060 1226 1251 1302 praeminens,

587 1314 631 1372 Tu
653 1313 734 1371 donis
758 1314 878 1372 rutilans
902 1320 988 1385 atque
1010 1313 1072 1370 Deo
1094 1313 1220 1389 placens,

587 1399 631 1457 Tu
653 1399 788 1458 mundum
813 1398 939 1457 retinens
961 1404 1076 1457 astravs
1098 1398 1259 1475 possidens,

726 1484 886 1557 Augustino
909 1483 1072 1557 placabilis.

523 1658 552 1715 4.
587 1655 653 1713 Non
676 1655 779 1713 horror
801 1654 877 1713 nivei
899 1653 1024 1712 tramitis
1047 1652 1169 1723 obstitit,

588 1742 653 1798 Non
676 1757 775 1814 gressu
798 1740 891 1811 tepuit
911 1754 1083 1812 aequoreum
1105 1738 1186 1797 iecur

586 1827 638 1902 Te,
661 1842 744 1899 quem
768 1823 860 1883 forma
883 1824 951 1883 boni
974 1824 1105 1882 ediderat
1127 1824 1193 1899 sibi,

726 1910 887 1984 Augustius
909 1909 1071 1983 placabilis.

526 2086 554 2144 5.
588 2083 650 2140 lam
673 2071 774 2154 pastor
796 2081 909 2157 superis
928 2080 1021 2138 indite
1043 2080 1162 2155 gasulis,

587 2167 685 2225 Flexis
707 2166 865 2240 poplitibus
889 2182 954 2225 cum
975 2182 1063 2240 proce
1085 2166 1238 2243 poscimus,

585 2253 668 2312 Assis
690 2269 746 2325 quo
768 2253 878 2324 clipeus
900 2258 999 2311 noster
1020 2253 1050 2311 in
1074 2251 1215 2328 omnibus,

726 2338 888 2411 Augustius
910 2337 1073 2411 placabilis.

524 2512 554 2571 6.
588 2509 704 2567 Exhinc
726 2507 877 2567 subveniat
901 2508 987 2582 digna
1009 2500 1137 2580 precatio
1198 2516 1200 2520 ’

588 2596 621 2653 In
645 2595 768 2653 sublime
790 2594 848 2651 tuis
872 2606 993 2669 perpete
1015 2594 1146 2669 servulis,
1203 2603 1205 2607 ’

587 2682 663 2753 Quos
686 2680 798 2738 nutrire
821 2680 920 2738 studes
943 2678 1065 2738 fastibus
1088 2680 1224 2756 aetheris,

727 2765 1075 2840 Augustineplacabilis.

528 2939 556 2998 7.
590 2937 673 2995 Assit
694 2936 738 2995 bis
761 2938 873 3010 genitor
895 2943 981 3012 atque
1003 2942 1105 3009 potens
1128 2936 1217 3011 Deus,

589 3026 680 3094 Aptet
703 3024 834 3083 Christus
858 3023 980 3081 ethaeo
1003 3027 1086 3096 patre
1108 3022 1170 3079 Deo
1192 3022 1281 3096 Deus,

591 3108 660 3167 Cum
683 3106 752 3166 flatu
778 3109 884 3181 patrio,
908 3124 964 3181 quo
986 3109 1112 3181 regimur
1134 3108 1206 3177 Deo,

729 3195 888 3266 Augustius
910 3193 1072 3266 placabilis.

390 3363 488 3426 Hymu.
509 3380 556 3412 ms.
575 3365 760 3414 Wiutoniense
778 3379 846 3414 saec.
868 3361 906 3412 11.
943 3364 1007 3414 Cod.
1025 3363 1111 3427 Capit.
1129 3363 1286 3413 Dunslmsu.
1305 3364 1327 3412 B
1346 3360 1448 3414 11132.
1468 3389 1499 3396 -

321 3429 346 3491 l,
366 3429 379 3480 1
399 3431 482 3480 Assis.
501 3457 534 3466 -
553 3427 695 3482 Steveocson
712 3429 746 3496 (p.
762 3429 820 3496 101)
834 3431 880 3481 hat
892 3432 940 3481 das
951 3431 1085 3481 Versmass
1098 3431 1237 3481 verbannt
1249 3457 1283 3465 -
1295 3431 1356 3497 Vgl.
1376 3431 1421 3482 dis
1433 3433 1499 3482 Note

322 3516 382 3568 zum
400 3501 521 3562 Hymnus
540 3501 585 3550 Nr.
606 3496 663 3548 141.

677 3735 738 3790 144.
766 3736 801 3790 ln
820 3737 947 3792 sanctae
965 3736 1135 3791 Barbarae.

635 3844 784 3905 Hymnus
803 3842 895 3890 Petri
920 3836 1198 3906 [Sudeiaconi(?).

326 4033 356 4091 1.
390 4031 524 4088 Exsultet
546 4030 624 4089 orbis
647 4031 787 4101 machina,
938 4036 965 4097 3,
997 4032 1053 4090 Est
1074 4036 1139 4090 orta
1161 4032 1239 4089 claro
1260 4031 1400 4105 sanguiue

388 4115 510 4188 Surgant
534 4116 637 4190 ubique
660 4117 783 4192 gaudia3
999 4118 1044 4175 De
1066 4117 1194 4176 barbara
1216 4117 1386 4190 propagine,

373 4201 445 4276 -En‚
469 4202 549 4274 virgo
573 4201 642 4261 vicit
664 4202 804 4275 proelium
1000 4205 1048 4262 Ad
1071 4203 1126 4261 hoc
1146 4208 1249 4262 vocata
1274 4199 1464 4279 „Barbaro“‚

387 4286 527 4359 Cepitque
549 4287 630 4360 regni
653 4289 819 4359 praemium.
1000 4288 1058 4347 Sed
1080 4289 1167 4360 plena
1190 4287 1298 4346 Christi
1321 4288 1425 4360 gratia.

325 4477 354 4534 2.
388 4473 443 4531 Dei
466 4474 567 4532 sortita
589 4473 679 4532 filium
936 4480 965 4536 4.
1001 4478 1064 4535 Hoc
1086 4490 1208 4547 namque
1229 4490 1343 4532 sursum
1365 4472 1476 4547 proflua

388 4559 459 4616 Fert
481 4559 619 4632 virginale
641 4560 732 4618 lilium
1001 4561 1139 4634 Signabat
1159 4560 1254 4619 undae
1277 4560 1361 4633 copia

389 4644 528 4716 Rosisque
551 4651 652 4703 vernat
673 4647 807 4719 martyris
1001 4648 1110 4706 Oborta
1133 4646 1218 4703 siccis
1240 4645 1352 4704 balneis

389 4729 497 4788 Cruore
519 4729 609 4789 tincta
628 4732 782 4805 sanguinis.
998 4734 1044 4791 Ad
1068 4731 1189 4806 gratiam
1210 4730 1405 4804 baptismatis.
