3642 5550
317 615 353 666 ΙΙ.
381 617 421 666 De
440 615 551 667 Sanctis.
570 644 603 652 -
622 619 651 668 B.
678 618 778 683 Hymni
797 618 829 671 de
847 619 954 673 Sanctis
971 619 1084 687 Proprii.
1120 624 1161 673 De
1179 638 1198 673 s.
1219 624 1360 689 Stephano.
1397 625 1459 689 233

368 923 430 979 aot.
460 923 556 991 „item
574 923 611 978 de
628 923 786 980 iliraculis
805 924 937 981 eiusdem
956 925 988 980 in
1007 926 1179 984 cismarinis
1197 927 1369 997 partibus.“

633 1049 779 1112 Hymnus
797 1048 944 1099 Notkeri
962 1050 1109 1100 Balbuli.

512 1238 539 1297 1.
573 1237 689 1298 Ordinis
713 1238 787 1296 sacri
810 1238 972 1312 Stephanus
994 1239 1102 1300 honore

573 1322 708 1383 Partibus
731 1324 842 1396 pollens
865 1325 953 1385 Asiae
976 1327 1096 1384 calentis

574 1409 695 1467 Finibus
717 1411 833 1467 tandem
856 1410 985 1469 occiduis
1009 1428 1135 1470 rosarum

692 1494 805 1568 Sparsit
827 1496 940 1558 odores.

509 1704 536 1759 2.
575 1702 651 1772 Quos
674 1702 773 1759 volens
795 1702 928 1773 plantare
950 1701 1051 1761 beatus
1073 1704 1124 1761 ille

572 1787 667 1844 Veron
690 1786 810 1845 Martini
834 1787 955 1860 vigilans
977 1790 1006 1845 in
1030 1791 1115 1865 omni,

573 1872 617 1930 De
639 1886 703 1930 sera
725 1872 839 1944 accepit
859 1873 922 1930 sine
944 1874 1026 1932 clare
1048 1875 1149 1933 clausit

689 1958 730 2015 Et
751 1958 812 2015 sine
835 1958 925 2019 clave.
998 2001 1000 2003 ψ

507 2165 535 2225 3.
570 2163 624 2235 Qui
645 2163 820 2238 precabatur
842 2164 954 2223 veniam
975 2164 1127 2241 imperitis

570 2250 637 2321 Ipse
659 2255 824 2321 protervum
847 2250 1011 2323 Stephanus
1034 2254 1173 2325 repressit

569 2334 739 2393 Innocentes
760 2336 885 2407 eripiens
909 2352 1044 2408 reumque

689 2419 771 2479 ane
793 2425 950 2481 retentans.

505 2627 533 2684 4.
570 2627 603 2685 ln
626 2626 699 2685 mari
721 2628 803 2685 navis
826 2627 948 2701 propior
970 2628 1087 2701 periclis

570 2714 626 2770 Per
648 2728 763 2771 manum
787 2714 881 2771 sanct-i
903 2711 1043 2787 Stephani
1065 2717 1191 2769 retracta

567 2798 626 2856 Ant
650 2815 735 2858 canes
751 2800 866 2873 Scyllae
889 2800 998 2858 rabiem
1021 2805 1071 2858 aut
1088 2798 1251 2871 Charybdis

686 2886 773 2945 Salva
800 2883 915 2960 refugit.

503 3090 531 3148 5.
567 3090 622 3147 Est
645 3091 744 3148 domus
768 3090 868 3148 Mettis
892 3090 1030 3163 Stephani
1054 3105 1156 3156 cruore

567 3175 663 3249 Sacra,
688 3192 760 3248 qnae
782 3182 892 3233 tantum
916 3192 1066 3247 superesse
1090 3176 1160 3232 diris

567 3262 667 3318 Posset
689 3262 857 3319 Hunnorum
880 3261 984 3334 gladiis
1008 3263 1140 3333 rogisque

684 3347 827 3419 Sanguine
849 3353 930 3420 tuta3

502 3555 530 3610 6.
565 3551 642 3622 Quae
667 3553 746 3609 ducis
768 3557 874 3624 natam,
896 3553 1058 3611 medicante
1081 3552 1166 3612 Gallo

565 3636 729 3694 Liberatam
753 3637 902 3696 daemonio
926 3636 1048 3712 furente,

566 3723 653 3795 Regis
674 3722 817 3782 abstraxit
839 3723 972 3782 thalamis
995 3739 1091 3782 amore

683 3808 871 3882 Integritatis.

502 4015 530 4073 7.
564 4013 665 4072 Fontis
688 4013 810 4086 Hispani
833 4013 980 4086 Stephano
1002 4020 1135 4086 patrante

566 4098 671 4156 Munus
694 4108 840 4158 aeternum
863 4116 1023 4158 memorare
1046 4102 1172 4174 dignum,

567 4183 620 4253 Qui
643 4185 775 4243 lavandis
798 4183 914 4257 profluit
936 4191 1022 4258 atque
1045 4187 1111 4244 lotis

683 4271 826 4330 Conditor
847 4272 916 4331 alte.

503 4475 532 4534 8.
568 4475 624 4534 Sed
648 4492 710 4533 cum
734 4476 788 4534 hoc
809 4476 1010 4549 baptisterium
1033 4478 1151 4536 cavallis

564 4561 714 4633 Improbus
737 4562 853 4634 quidam
877 4564 1018 4621 stabulum
1042 4572 1168 4635 pararet,

563 4645 658 4705 Febre
681 4654 828 4719 correptus
853 4650 996 4707 dominum
1021 4650 1153 4721 praeibat

682 4733 730 4791 Ad
753 4734 951 4808 Phlegetonta.
