3642 5550
669 642 701 691 B.
727 642 827 705 Hymni
845 641 878 691 de
895 642 1024 707 Tempore
1040 642 1154 705 Proprii.

748 878 793 936 82.
821 878 955 938 Sabbata
974 878 1100 936 Sancto.

816 984 863 1033 Ad
886 985 1035 1034 Fontem.

502 1138 602 1197 Gloria
624 1136 729 1198 victori
751 1139 789 1198 sit
812 1138 928 1197 Christo
950 1139 1036 1197 laude
1058 1138 1189 1215 perenni,

503 1224 555 1296 Qui
580 1240 666 1296 super
687 1232 767 1282 astra
788 1231 897 1295 manet,
921 1225 1000 1282 cuius
1023 1226 1144 1284 victoria
1166 1227 1268 1299 pollet.

504 1310 562 1368 Pro
584 1308 684 1368 mundi
703 1309 768 1369 vita
787 1310 963 1381 persolvitur
985 1311 1079 1369 hostia
1101 1312 1180 1385 viva,

498 1396 587 1467 Quam
609 1411 687 1453 mors
710 1411 773 1453 cum
796 1395 923 1468 mordet,
945 1397 1025 1453 necis
1047 1396 1077 1453 in
1100 1412 1131 1453 se
1153 1397 1212 1455 tela
1234 1403 1393 1469 retorquet.

457 1483 474 1539 5
499 1481 555 1538 Per
574 1481 675 1539 mortis
697 1480 827 1554 pretium
850 1481 1027 1539 Pharaonem
1050 1482 1120 1539 vicit
1142 1483 1273 1555 iniquum

496 1566 536 1624 Et
558 1566 685 1639 spolians
708 1566 840 1625 Erebum
862 1566 945 1623 nobis
969 1566 1050 1624 dedit
1071 1573 1151 1625 astra
1172 1568 1317 1639 polorum.

496 1651 584 1726 Ecce,
607 1667 709 1724 preces
732 1657 860 1726 nostras,
883 1668 954 1724 quas
977 1649 1132 1728 fundimus,
1155 1653 1255 1710 audiat
1277 1654 1361 1727 istas,

499 1736 623 1795 Cunctos
646 1737 695 1809 qui
717 1734 830 1809 proprii
852 1753 903 1795 nos
927 1738 1073 1810 sanguinis
1095 1738 1187 1796 abluit
1209 1736 1307 1797 undis.

496 1822 628 1880 Moribus
650 1828 795 1897 ornatum,
818 1821 978 1880 Salomonis
1001 1821 1080 1880 fonte
1102 1825 1257 1897 repletum,

433 1907 472 1966 10
497 1908 644 1965 Posuimus
666 1908 830 1979 Anglorum
853 1914 982 1965 nostrum
1003 1909 1096 1967 salvet
1118 1909 1272 1971 basileum.

495 1993 644 2051 Poscimus
667 1998 695 2049 et
717 1998 848 2053 nostram
870 1993 964 2051 salvet
986 1994 1117 2054 Christus
1141 1995 1283 2054 basileam

496 2077 629 2135 Nobilem
652 2084 738 2150 atque
760 2077 841 2150 piam
864 2079 1003 2152 gestantis
1028 2079 1168 2154 dogmatis
1191 2083 1309 2152 ydram.

498 2163 681 2221 Praesulibus
703 2162 811 2222 nostris
834 2165 971 2222 subiectis
993 2180 1057 2222 cum
1079 2165 1135 2223 sibi
1157 2164 1227 2225 totis

494 2248 664 2321 Angligenis
687 2248 799 2307 cunctis
823 2249 961 2307 concedat
985 2251 1060 2307 dona
1084 2248 1197 2310 salutis.

433 2333 471 2392 15
496 2333 603 2391 Nostro
626 2332 767 2410 pontifici,
792 2335 871 2392 cuius
894 2351 991 2393 sumus
1013 2336 1043 2393 in
1066 2334 1203 2408 dioecesi,

494 2418 552 2476 Det
574 2435 691 2492 regnum
714 2420 802 2494 vitae,
826 2436 882 2492 qua
903 2421 1018 2479 scandit
1040 2428 1069 2479 ct
1090 2421 1162 2496 ipsc,
1190 2435 1345 2493 supernae.

390 2588 488 2637 Pontis.
513 2605 561 2638 ms.
585 2591 770 2639 Wintoniense
794 2605 862 2639 saec.
889 2588 928 2640 11.
965 2592 1028 2641 Cod.
1052 2589 1197 2643 Londineu.
1221 2591 1311 2641 Vitell.
1336 2589 1360 2639 Ε
1385 2590 1446 2639 XII.
1475 2613 1505 2622 -
1532 2552 1535 2556 -

320 2656 458 2705 Abschrift
475 2673 529 2706 von
547 2658 582 2707 H.
600 2659 636 2707 M.
655 2658 804 2708 Baunister.
822 2684 857 2693 -
869 2660 921 2709 Die
934 2649 1100 2710 Uberschrift
1118 2660 1212 2710 beruht
1230 2660 1349 2724 mangels
1365 2657 1441 2722 jeder
1453 2658 1507 2707 An·

319 2726 388 2791 gabe
407 2726 436 2773 in
454 2724 501 2774 der
519 2726 567 2774 Hs.
587 2727 635 2775 auf
649 2727 820 2794 Vermutung.

654 2997 699 3053 83.
727 2999 762 3052 In
779 2999 1017 3054 Resurrectionc
1035 3000 1170 3055 Domini.

793 3105 840 3155 Ad
863 3107 1044 3171 Vesperas.

321 3243 350 3300 1.
385 3241 435 3300 Ad
458 3257 557 3301 cenam
579 3243 645 3316 agni
667 3244 791 3318 providi,
938 3248 968 3305 4.
991 3245 1441 3317 IampaschanostrumChristus
1450 3249 1503 3319 est,

387 3328 475 3387 Stolis
497 3328 572 3386 albis
595 3329 722 3404 candidi,
992 3331 1045 3403 Qui
1067 3331 1230 3389 immolatus
1252 3347 1342 3404 agnus
1367 3337 1420 3401 est,

386 3414 456 3471 Post
478 3413 631 3472 transitum
653 3415 741 3474 maris
764 3414 844 3473 rubri
993 3415 1174 3474 Sinceritatis
1196 3432 1297 3490 azyma

387 3497 503 3556 Christo
526 3514 660 3557 canamus
682 3500 817 3574 principi.
995 3500 1068 3559 Caro
1091 3501 1152 3558 eius
1175 3501 1279 3559 oblata
1301 3509 1353 3561 est.

322 3653 352 3713 2.
388 3650 475 3710 Cuius
497 3668 610 3709 sacrum
634 3653 830 3725 corpusculum
942 3657 970 3713 5.
995 3654 1018 3712 Ο
1041 3668 1109 3711 vere
1132 3653 1219 3724 digna
1241 3651 1346 3727 hostia,

389 3736 423 3793 In
444 3753 496 3795 ara
519 3737 612 3795 crucis
634 3738 787 3816 torridum,
993 3739 1050 3795 Per
1070 3755 1154 3810 quarn
1180 3736 1273 3795 fracta
1295 3743 1362 3794 sunt
1380 3741 1504 3806 tartara,

390 3821 500 3880 Cruore
522 3823 582 3879 cius
605 3838 687 3881 roseo
993 3824 1155 3895 Redempta
1177 3823 1259 3894 plebs
1282 3822 1437 3894 captivata,

390 3905 540 3966 Gustando
561 3908 683 3966 uvimm
706 3908 778 3983 Deo,
992 3909 1120 3967 Reddita
1142 3909 1219 3966 vitae
1240 3907 1379 3981 praemia.

322 4061 354 4119 3.
389 4059 517 4117 Protecti
539 4061 665 4132 paschae
687 4076 811 4133 vespero
941 4065 969 4124 6.
994 4064 1064 4122 Cum
1088 4062 1179 4133 surgit
1204 4060 1334 4118 Christus
1356 4060 1476 4134 tumulo,

387 4144 415 4203 A
438 4144 607 4203 devastante
628 4146 740 4221 angelo,
993 4149 1097 4207 Victor
1119 4146 1194 4204 redit
1218 4146 1254 4203 de
1276 4143 1423 4218 barathro,

387 4230 492 4303 Erepti
515 4229 551 4288 de
575 4231 726 4288 durissimo
994 4233 1159 4304 Tyrannum
1182 4231 1301 4288 trudeus
1324 4231 1438 4288 vinculo

389 4315 548 4374 Pharaonis
568 4317 699 4388 imperio.
993 4319 1032 4375 Et
1055 4333 1186 4375 reserans
1209 4312 1386 4388 paradisum.

635 4471 662 4528 7.
697 4470 883 4541 Quaesumus,
907 4478 1008 4530 auctor
1030 4471 1163 4548 omnium,

696 4555 730 4612 In
753 4556 807 4613 hoc
829 4557 959 4630 paschali
981 4557 1086 4629 gaudio

697 4640 743 4697 Ab
766 4643 843 4699 omni
865 4642 966 4700 mortis
987 4643 1097 4714 impetu

696 4725 787 4785 Tuum
812 4725 953 4786 defendas
976 4727 1120 4802 populum.
