3642 5550
228 563 236 596 t

318 593 381 657 276

342 772 370 828 5.

626 596 693 644 Pars
710 593 745 645 11.
781 595 935 660 Hymnodia
953 593 1194 646 Hiberna-Celtica

403 765 545 827 Excelsus
568 768 667 827 mundi
689 768 850 828 machinam

409 854 584 913 Praevidens
608 860 636 912 ct
658 855 845 927 harmoniam,

406 941 523 1000 Caelum
547 945 577 997 et
598 947 705 999 terram
728 940 845 1015 fecerat,

404 1025 496 1103 Mare,
520 1042 609 1099 aquas
632 1026 811 1099 condiderat,

405 1110 567 1169 Herbarum
601 1127 712 1185 quoque
745 1112 882 1185 germina,

405 1197 600 1271 virgultorum
625 1197 788 1272 arbuscula,

407 1281 512 1357 Solem,
535 1283 633 1343 lunam
655 1300 690 1341 ac
710 1284 817 1362 sidera,

405 1369 504 1442 lgncm
528 1384 562 1426 ac
584 1370 756 1446 necessaria,

403 1456 489 1532 Aves,
515 1455 610 1529 pisces
632 1459 661 1512 et
680 1471 796 1529 pecora,

404 1540 526 1616 Bestias,
547 1540 693 1612 animalia,

405 1626 558 1684 Hominem
580 1626 695 1685 demum
717 1642 818 1701 regere

404 1712 638 1786 Protoplaustum
672 1713 880 1786 praesagmina

362 1997 369 2012 .
403 1948 504 2011 Factis
526 1952 611 2010 simul
631 1953 785 2029 sideribus,

404 2037 540 2098 Aetheris
563 2038 762 2110 luminaribus,

405 2123 658 2182 Conlaudaverunt
680 2125 774 2198 angeli

404 2208 531 2269 Factura
553 2226 608 2282 pro
630 2209 756 2269 mirabili

403 2298 563 2355 Immensae
601 2296 684 2355 molis
717 2287 880 2372 Dominum,

403 2380 542 2454 Opificem
565 2381 740 2457 caelestium,

403 2466 562 2527 Praeconio
582 2467 732 2545 laudabili,

403 2553 509 2611 Debita
531 2557 561 2610 et
581 2552 721 2612 immobili

405 2639 609 2711 Concentnque
632 2638 746 2713 egregio

404 2724 508 2784 Grates
527 2731 645 2799 egerunt
668 2725 792 2785 Domino

405 2814 512 2871 Amore
534 2816 564 2870 et
584 2812 716 2885 arbitrio,

403 2897 469 2955 Nou
492 2904 613 2956 naturae
637 2899 767 2960 donario.

362 3164 368 3176 .
405 3113 554 3181 (inassatis
576 3118 677 3190 primis
701 3119 810 3178 duobus

404 3204 592 3276 Seductisque
614 3205 785 3283 paerntibus

404 3290 535 3349 Secundo
557 3290 614 3347 ruit
638 3291 768 3349 diabolus

405 3377 477 3436 Cum
500 3376 558 3434 suis
581 3377 764 3449 satellitibus,

405 3465 530 3534 Quorum
553 3461 673 3520 horrore
695 3463 823 3522 vultuum

406 3548 536 3619 Sonoque
559 3548 738 3606 volitantium

406 3633 666 3692 Consternarentur
689 3635 817 3693 homines

404 3719 486 3777 Metu
507 3719 601 3777 territi
624 3717 751 3794 fragiles,

404 3805 470 3862 Nun
493 3805 620 3863 valentes
644 3806 807 3864 carnalibus

405 3893 485 3949 Haec
507 3891 613 3949 intueri
635 3891 753 3969 visibus,

404 3977 458 4047 Qui
486 3993 561 4034 nunc
591 3977 716 4049 ligantur
745 3976 881 4055 fascibus,

404 4062 621 4136 Ergastulurum
645 4063 776 4123 nexibus.

363 4323 370 4338 .
403 4282 464 4342 Hic
486 4283 616 4342 sublatus
638 4300 654 4341 e
676 4285 771 4343 medio

406 4370 542 4440 Deiectus
564 4375 608 4428 est
629 4388 647 4429 a
668 4371 800 4446 Domino,

407 4455 494 4513 Cuius
516 4456 591 4513 aeris
612 4456 736 4528 spatium

408 4539 595 4612 Constipatur
617 4542 773 4600 satellitum

407 4625 500 4683 Globo
521 4626 707 4686 invisibilium

405 4711 535 4771 Turbido
557 4713 757 4786 perduellium,

1019 769 1065 828 Ne
1086 769 1169 829 malis
1191 767 1412 841 exemplaribus

1020 856 1128 915 imbuti
1149 872 1184 914 ac
1205 854 1366 912 sceleribus

1021 941 1116 1000 Nullis
1138 957 1261 1014 unquam
1281 938 1451 1013 tegentibus

1021 1026 1136 1100 Saeptis
1159 1042 1193 1085 ae
1215 1025 1381 1099 parietibus

959 1150 961 1154 ,
1020 1112 1246 1171 Fornicarentur
1269 1112 1403 1169 homines

956 1424 986 1482 9.

934 2588 986 2648 10.

936 3775 984 3836 11.

1020 1199 1120 1257 Palam
1142 1198 1267 1256 omnium
1290 1196 1395 1256 oculis.

1018 1419 1167 1480 Invehunt
1184 1420 1275 1479 nubes
1299 1420 1418 1493 pontias

1018 1506 1064 1566 Ex
1087 1503 1214 1565 fontibus
1237 1505 1398 1565 brumalias

1019 1591 1125 1651 Tribus
1147 1589 1387 1665 profundioribus

1019 1678 1126 1737 Oceani
1149 1677 1342 1756 dodrantibus

1019 1763 1121 1835 Maris,
1146 1762 1219 1822 caeli
1242 1762 1419 1834 climatibus,

1019 1850 1167 1909 Caeruleis
1190 1848 1355 1908 turbinibus

1019 1933 1191 1995 Profuturus
1213 1935 1365 2009 segitibus‚

1020 2021 1119 2081 Vincis
1142 2024 1171 2078 et
1193 2020 1381 2095 germinibus,

1018 2107 1153 2181 Agitatae
1174 2104 1339 2165 flaminibus

1019 2192 1175 2251 Thesauris
1198 2192 1423 2267 emergentibus,

1018 2279 1129 2354 Quique
1150 2280 1273 2351 paludes
1295 2279 1423 2337 marinas

1009 2366 1170 2424 ·Evacuant
1191 2366 1366 2437 reciprocas.

1019 2588 1144 2647 lladuca
1164 2604 1200 2645 ac
1221 2587 1375 2659 tyrannim

1018 2674 1179 2749 Mundique
1200 2679 1402 2732 momentanea

1018 2760 1128 2834 Regum
1152 2760 1315 2834 praesentis
1338 2760 1432 2833 gloria

1020 2847 1100 2905 Nutu
1122 2847 1177 2905 Dei
1200 2846 1353 2925 deposita;

1019 2933 1106 3005 Ecce,
1129 2933 1259 3007 gigantes
1281 2947 1398 3007 gemere
1449 2974 1456 2987 .

1019 3019 1078 3077 Sub
1101 3019 1183 3092 aquis
1205 3035 1308 3093 magno
1330 3018 1429 3078 ulcere

1019 3104 1261 3178 Comprobantur
1284 3104 1422 3163 incendio

1018 3190 1114 3249 Aduri
1136 3207 1170 3247 ac
1192 3191 1337 3263 supplicio

1020 3276 1121 3350 Cocyti
1143 3292 1197 3349 que
1219 3275 1425 3351 Charybdibus

1020 3362 1198 3436 strangulati
1216 3361 1409 3435 turgentibus,

1021 3448 1127 3520 Scyllis
1149 3447 1255 3507 obtecti
1278 3445 1418 3507 fluctibus

1020 3533 1179 3593 Eliduntur
1201 3539 1230 3591 et
1252 3533 1417 3609 scropibus.

1020 3772 1141 3847 Ligatas
1163 3790 1252 3846 aquas
1274 3773 1400 3832 nubibus

1019 3860 1199 3933 Frequenter
1216 3857 1334 3918 crebrat
1347 3860 1491 3930 Dominus,

1019 3946 1059 4005 Ut
1080 3960 1118 4003 ne
1140 3949 1291 4018 erumpant
1313 3947 1447 4019 protinus

1020 4032 1110 4089 Simul
1133 4031 1227 4103 ruptis
1249 4030 1392 4106 obicibuS,

1018 4117 1142 4187 Quarum
1167 4116 1350 4175 uberioribus

1017 4199 1108 4265 Venis
1130 4202 1209 4261 velut
1230 4201 1369 4261 uberibus

1020 4288 1201 4348 Pedetentim
1225 4288 1394 4347 natantibus

1019 4373 1094 4433 Telli
1117 4378 1302 4445 pertractus
1326 4374 1411 4434 istius

1019 4458 1131 4517 Gelidis
1154 4475 1188 4517 ac
1211 4456 1391 4518 ferventibus

1019 4544 1150 4603 Diversis
1171 4545 1201 4602 iu
1224 4545 1405 4618 temporibus

1021 4631 1148 4703 Usquam
1167 4628 1292 4690 influunt
1312 4629 1432 4692 flumina

1020 4717 1172 4788 Nunquam
1195 4715 1370 4778 deficientia.
