3642 5550
359 620 398 682 12
615 620 682 670 Pars
700 621 722 670 Ι.
757 622 858 685 Hymni
877 621 1057 687 antiquissimi
1076 636 1144 672 saec.
1164 621 1281 672 V.-XI.

616 890 645 945 o.
673 889 765 945 Ferla
784 890 892 958 qulnts
908 890 948 946 ad
965 890 1135 947 lstutluas
1153 892 1282 947 Laudes.

360 1049 388 1108 1.
421 1048 509 1127 Deus,
533 1048 645 1107 aeterni
666 1048 784 1106 luminis
975 1052 1005 1111 4.
1040 1050 1085 1107 Tu
1107 1051 1207 1108 muudi
1230 1050 1465 1123 constitutores,

424 1133 540 1193 Candor
561 1133 775 1207 inenarrabilis,
1039 1135 1084 1193 Tu
1102 1136 1225 1208 septimo
1247 1135 1352 1193 throno
1374 1136 1458 1195 sedes

424 1219 569 1278 Venturos
594 1220 651 1277 diei
673 1219 771 1293 iudex,
1040 1221 1142 1297 Iudex,
1166 1238 1201 1279 ex
1225 1221 1284 1279 alto
1306 1221 1423 1279 humilis

423 1304 478 1376 Qui
500 1305 604 1363 mentis
626 1306 740 1363 occulta
760 1304 852 1376 vides,
1039 1306 1152 1363 Venisti
1174 1306 1235 1380 pati
1257 1321 1311 1378 pro
1333 1306 1428 1366 nobis.

360 1478 389 1535 2.
424 1476 468 1533 Tu
490 1491 609 1547 regnum
633 1475 776 1532 caelorum
799 1480 880 1533 tenes
976 1478 1006 1535 5.
1041 1476 1086 1534 Τιι
1108 1476 1230 1535 sabaoth
1252 1477 1445 1551 omnipotens,

422 1562 462 1620 Et
484 1567 561 1619 totus
582 1562 612 1617 in
635 1560 724 1619 verbo
746 1566 778 1618 tu
800 1577 840 1637 cS,
1039 1561 1178 1620 Hosanna
1200 1562 1303 1620 summi
1326 1561 1470 1641 culminis,

423 1645 480 1704 Per
502 1645 591 1704 filium
616 1653 719 1703 cuncta
742 1646 829 1720 regis,
1040 1646 1107 1704 Tibi
1128 1647 1191 1705 laus
1215 1654 1259 1704 est
1281 1646 1434 1722 mirabilis,

423 1730 528 1790 Sancto
548 1730 664 1804 spiritui
687 1730 751 1789 fons
775 1748 816 1791 es.
1040 1732 1085 1790 Tu
1106 1748 1159 1789 rex
1182 1733 1300 1807 primus,
1323 1734 1478 1793 anastasis.

357 1903 387 1962 3.
422 1901 542 1959 Trinum
565 1917 678 1977 nomen,
702 1903 762 1959 alta
783 1899 865 1973 fides,
974 1906 1004 1963 6.
1037 1902 1082 1960 Tu
1104 1899 1173 1959 fidei
1195 1902 1311 1961 auditor
1333 1918 1363 1959 es

421 1989 518 2048 Unum
540 2002 593 2059 per
615 1989 710 2045 omnia
732 1992 844 2059 potens,
1037 1988 1077 2045 Et
1101 1988 1223 2045 humiles
1245 1995 1277 2045 tu
1299 1988 1429 2066 respicis,

419 2073 585 2144 Mirumque
613 2089 667 2145 per
693 2073 804 2145 signum
828 2072 921 2129 crucis
1040 2072 1107 2130 Tibi
1130 2074 1206 2131 altae
1228 2073 1307 2131 sedis
1329 2074 1461 2148 thronus,

422 2159 466 2216 Tu
488 2165 584 2216 rector
606 2160 743 2215 immense
765 2158 848 2220 lucis.
1039 2157 1106 2215 Tibi
1130 2159 1244 2217 divinus
1266 2164 1311 2216 est
1333 2158 1434 2218 honor.

668 2329 696 2389 7.
731 2327 847 2388 Christo
869 2333 1043 2401 aeternoque
1067 2327 1129 2386 Deo

732 2414 813 2472 Patri
837 2428 900 2470 cum
923 2421 1023 2471 sancto
1045 2414 1150 2485 spiritu

733 2498 818 2555 Vitae
840 2499 985 2557 solvamus
1007 2514 1126 2557 munera

731 2584 758 2641 A
781 2584 903 2641 saeculis
926 2584 1102 2642 insaecula.

423 2769 506 2819 Psalt.
532 2774 559 2819 et
577 2770 675 2834 Hymn.
698 2785 746 2819 ms.
771 2770 865 2820 incert.
890 2770 985 2836 origin.
1004 2785 1072 2820 saec.
1090 2765 1132 2822 ⁸ls.
1171 2769 1234 2820 cod.
1252 2770 1366 2821 Vatican
1383 2771 1478 2836 Regin.
1499 2770 1543 2823 11.

354 2838 385 2888 A.
404 2864 439 2872 —
457 2838 566 2889 collect.
590 2845 617 2888 et
634 2840 732 2902 Hymn.
757 2854 804 2887 ms.
823 2838 998 2888 Murbacense
1014 2837 1036 2901 (l
1055 2838 1199 2903 Augiense)
1223 2854 1291 2889 saec.
1309 2836 1343 2901 (8.
1361 2838 1397 2902 et)
1414 2837 1438 2890 9.
1475 2841 1542 2892 0οά

356 2907 485 2958 Oxonien.
510 2907 587 2957 Bodl.
607 2908 665 2955 Iun.
690 2902 732 2955 25.
755 2908 787 2956 Β.
811 2933 847 2940 -
870 2907 979 2957 Collect.
1003 2913 1030 2956 et
1051 2907 1150 2972 Hymn.
1175 2924 1221 2958 ms.
1241 2907 1401 2958 Corbeiense
1426 2924 1495 2959 saec.
1515 2907 1541 2959 9.

356 2975 419 3026 Cod.
437 2975 552 3025 Parisin.
573 2970 669 3025 14088.
689 2975 717 3024 C.
736 3001 770 3008 —
791 2971 814 3034 1,
833 2972 847 3024 1
867 2979 973 3026 aeterne
985 2976 1037 3026 BC.
1057 3001 1087 3009 -·
1107 2972 1132 3035 2,
1152 2972 1164 3024 l
1184 2981 1276 3026 tenens
1289 2975 1317 3025 Ο.
1335 3002 1369 3011 -
1386 2973 1411 3036 2,
1429 2973 1446 3026 3
1464 2993 1543 3043 reges

354 3044 386 3094 A.
404 3070 439 3078 -
456 3040 480 3107 2,
499 3042 517 3092 4
536 3042 627 3093 Sancti
645 3042 726 3101 ΑΒΟ,
746 3044 856 3107 spiritus
874 3044 906 3104 B,
925 3060 937 3093 s
958 3046 1020 3094 iritu
1040 3045 1068 3094 C.
1087 3070 1122 3078 —
1138 3039 1163 3105 3,
1184 3041 1196 3093 1
1217 3045 1272 3094 alta
1289 3045 1362 3094 vides
1378 3045 1410 3095 A.
1427 3072 1463 3079 —
1479 3042 1505 3105 3,
1524 3042 1544 3095 2

355 3116 430 3178 potes
455 3113 493 3175 A;
520 3112 670 3177 vergleiche
696 3106 791 3174 „Deos
819 3109 867 3175 qui
893 3061 961 3162 caefi
986 3109 1076 3161 lumea
1100 3108 1142 3161 es“
1167 3112 1223 3173 (Nr.
1247 3110 1273 3174 5)
1296 3110 1325 3170 5,
1352 3111 1419 3164 311.
1444 3110 1543 3178 ,Deus

356 3183 461 3232 creator
479 3176 616 3230 omnium“
636 3178 723 3243 (Anal.
743 3181 840 3244 Hymn.
859 3182 894 3241 L,
913 3197 939 3246 p.
959 3177 1000 3242 13)
1018 3177 1042 3241 8,
1061 3178 1085 3231 3.
1103 3206 1137 3215 -
1155 3176 1179 3240 3,
1198 3178 1215 3231 3
1232 3196 1279 3246 per
1296 3180 1363 3231 fehlt
1380 3180 1408 3231 C.
1427 3209 1462 3218 —
1478 3179 1504 3242 4,
1525 3179 1540 3232 l

355 3250 485 3299 constitor
502 3250 531 3299 B.
550 3276 584 3285 —
602 3246 630 3309 4,
655 3246 672 3298 2
688 3249 730 3298 Tu
747 3250 775 3297 in
794 3251 906 3314 septimo
927 3250 963 3311 Α,
987 3249 1136 3299 audissem
1154 3249 1366 3313 merkwfirdigen
1383 3250 1543 3301 Ausdrucko

354 3317 505 3382 vergleiohe
523 3318 566 3368 die
584 3317 711 3367 Fulsnote
732 3319 760 3366 in
778 3318 853 3368 Anal.
874 3319 973 3383 Hymn.
990 3318 1102 3379 XXVII,
1122 3314 1162 3367 70.
1181 3345 1215 3351 —
1232 3315 1257 3376 4,
1276 3314 1292 3367 4
1309 3319 1379 3382 parti
1397 3318 1488 3383 proc.
1506 3345 1542 3352 —

355 3384 385 3446 5,
408 3382 426 3434 4
448 3388 534 3451 prima
551 3386 582 3435 A.
600 3413 633 3419 —
653 3385 683 3445 6,
704 3381 721 3434 3
745 3384 801 3434 alta
819 3387 894 3437 sedes
913 3386 950 3446 Α,
974 3387 1030 3436 alta
1050 3386 1121 3436 sedis
1139 3385 1167 3435 0.
1186 3411 1219 3420 -
1238 3384 1269 3446 7,
1294 3383 1307 3434 l
1326 3387 1439 3451 Tibique
1457 3389 1488 3437 Β.
1505 3413 1542 3421 -

356 3453 387 3515 7,
412 3451 428 3504 3
453 3457 528 3504 solva
551 3469 661 3504 munera
679 3453 707 3503 Ο.
726 3479 761 3487 -
777 3453 935 3521 Vergleiche
956 3454 1000 3504 die
1018 3455 1087 3504 Note
1105 3470 1164 3503 zum
1182 3456 1304 3519 Hymnus
1324 3452 1453 3518 ,Aeterne
1470 3452 1543 3506 loccis

356 3518 497 3574 condilor“
516 3523 571 3583 (Nr.
591 3519 615 3583 7)
633 3538 658 3572 u.
676 3522 755 3572 Anal.
773 3523 870 3585 Hymn.
889 3524 1001 3583 XXVII,
1024 3521 1065 3573 70.
1083 3549 1119 3556 -
1135 3523 1206 3572 Titel
1224 3525 1252 3572 in
1270 3522 1306 3571 A:
1333 3525 1416 3588 „Item
1433 3523 1543 3574 himnus

356 3592 424 3643 ferire
441 3594 536 3657 quinta
553 3585 710 3653 dicendus;“
731 3592 759 3638 iu
777 3591 811 3641 0:
833 3592 904 3656 ,Fen
921 3593 945 3640 V
963 3591 1004 3641 ad.
1023 3587 1101 3642 mat.“

613 3878 658 3934 10.
685 3877 779 3933 Ferla
797 3878 887 3933 sexta
905 3876 944 3932 ad
962 3876 1131 3932 hlabutInas
1149 3878 1279 3932 Laudes.

381 4039 410 4100 1.
441 4037 565 4110 Christe,
589 4034 662 4095 caeli
683 4036 815 4112 Domine,
997 4038 1026 4095 3.
1061 4036 1105 4093 Tu
1128 4035 1247 4092 verbnm
1269 4037 1362 4107 patris
1384 4038 1506 4110 aeterni,

443 4123 548 4181 Mundi
570 4123 699 4180 salvator
720 4121 853 4193 maxime,
1060 4121 1117 4179 Ore
1141 4120 1238 4177 divino
1261 4121 1365 4196 editus,

443 4209 498 4281 Qui
520 4225 572 4266 nos
595 4207 689 4265 crucis
711 4221 828 4264 munere
1060 4204 1139 4263 Dens
1162 4222 1197 4262 ex
1221 4205 1282 4262 Deo
1305 4207 1476 4284 subsistens,

442 4293 548 4350 Mortis
571 4293 683 4352 solvisti
706 4292 827 4365 legibus.
1061 4291 1233 4362 Unigenitus
1256 4289 1342 4355 filius,

381 4465 411 4521 2.
446 4463 488 4520 Te
507 4479 584 4520 nnnc
606 4467 721 4522 orantes
744 4461 898 4539 poscimus,
1000 4463 1030 4518 4.
1065 4460 1107 4516 Te
1128 4459 1263 4518 universa
1287 4467 1419 4521 creatura

443 4549 507 4607 Tua
530 4563 682 4607 conserves
705 4562 832 4622 munera,
1063 4546 1167 4604 Mundi
1190 4543 1299 4602 fatetur
1321 4547 1486 4624 Dominum,

446 4634 525 4703 Quae
554 4648 608 4704 per
634 4633 726 4705 legem
754 4630 924 4690 catholicam
1064 4632 1147 4689 Iussu
1169 4631 1261 4702 patris
1283 4631 1428 4704 inchoata,

447 4717 566 4777 Cunctis
590 4718 705 4776 donasti
728 4718 869 4791 gentibus.
1063 4715 1134 4773 Tuis
1155 4713 1285 4787 perfecta
1309 4717 1428 4779 viribus.
