3642 5550
608 622 657 677 111.
683 622 774 677 Varia.
792 652 827 660 -
844 622 885 677 110
903 622 1030 678 vanitate
1049 622 1135 678 Vitae.

284 797 333 859 13.
369 796 440 858 orto
463 795 524 855 sole
546 797 653 855 arescit

412 880 527 941 foenum
549 887 579 941 et
597 881 650 942 flos
674 882 804 962 deperit,

370 968 418 1029 Sic
440 973 485 1028 est
506 968 598 1028 omnis
620 970 762 1049 iuventus,

411 1056 502 1115 sirim
525 1070 589 1113 cum
612 1053 762 1120 deiecerit.

283 1262 336 1322 14.
370 1260 559 1320 Pulchritudo
582 1260 726 1321 bominum

411 1362 562 1406 senescens
586 1345 740 1423 delebitur,

368 1433 466 1492 Omnis
489 1432 577 1491 decor
597 1432 737 1507 pristinus

402 1534 474 1577 cnm
497 1518 596 1577 dolore
618 1518 741 1578 raditur.

283 1726 333 1788 15.
368 1724 471 1785 Vultus
494 1723 611 1801 Christi,
633 1724 733 1783 radius

408 1825 478 1885 prae
501 1810 611 1868 cunctis
634 1809 776 1883 amabilis,

366 1895 459 1969 Magis
483 1896 646 1969 diligendus
669 1901 723 1965 est,

408 1998 493 2055 quam
523 1979 576 2039 flos
603 1980 697 2041 caruis
720 1978 841 2053 fragilis.

283 2189 332 2248 16.
367 2185 483 2264 Caveto,
508 2182 605 2264 filiole,

409 2268 581 2330 feminarum
604 2271 724 2343 speeies,

366 2358 423 2416 Per
445 2373 516 2431 ques
539 2373 604 2416 mox
628 2355 790 2429 ingreditur

409 2459 467 2502 uon
488 2458 579 2516 purva
601 2442 752 2515 pernicies.

283 2650 336 2714 17.
369 2649 504 2721 Plerique
527 2647 658 2721 perpessi
680 2651 747 2706 sunt

410 2750 567 2809 poenorum
589 2732 724 2793 incendia

367 2820 531 2880 Voluntatis
553 2820 682 2879 lubricae

410 2908 541 2966 nolentes
564 2905 725 2979 dispendia.

284 3115 335 3176 18.
371 3112 507 3170 Poculum
529 3087 715 3184 impiissimae

413 3197 472 3255 noli
493 3213 618 3270 uuquam
641 3194 750 3268 bibere,

370 3283 455 3343 Unde
477 3282 583 3340 multos
605 3281 774 3355 plerumque

412 3367 494 3429 vides
516 3369 607 3428 laetos
629 3366 746 3444 ridere;

285 3576 337 3637 19.
370 3573 459 3642 Num,
482 3587 674 3646 quoscumque
695 3570 805 3630 videris

415 3658 512 3717 ridere
533 3659 666 3732 inaniter,

369 3743 457 3822 Scito,
481 3743 511 3803 iu
533 3743 696 3804 novissimis

412 3829 489 3904 quod
509 3827 619 3888 flebunt
640 3827 787 3890 amariter.

282 4032 335 4092 20.
370 4026 521 4106 conspice,
545 4025 702 4097 carissime,

412 4115 455 4172 sic
477 4128 540 4171 esse
560 4110 712 4171 libidinem

370 4200 410 4260 Ut
432 4213 557 4257 morsum
579 4194 769 4274 mortiferum,

411 4285 488 4358 quod
526 4283 615 4342 vincit
652 4282 843 4342 dulcedinem.

281 4486 334 4544 21.
368 4481 436 4540 Noli
460 4497 567 4555 pronus
589 4495 710 4554 pergere

409 4584 462 4642 per
483 4568 558 4627 siam
579 4566 753 4639 mortalium,

368 4653 430 4725 Qua
452 4652 550 4711 multis
572 4651 702 4711 evenisse

399 4738 556 4813 conspicis
577 4733 769 4810 naufragium.

1397 624 1460 692 353

899 802 949 861 22.
985 801 1077 875 Perge
1098 799 1174 859 inter
1195 800 1312 873 mqneos

1028 902 1092 945 cum
1113 885 1260 961 suspensis
1281 886 1415 963 pedibus,

984 969 1041 1031 Per
1061 985 1131 1045 quos
1154 978 1254 1047 captos
1277 977 1409 1033 ceteros·

1025 1058 1156 1117 incautos
1178 1060 1379 1133 comperimus.

900 1263 952 1322 23.
985 1262 1031 1321 De
1053 1262 1176 1321 terrenis
1199 1264 1281 1323 eless

1028 1348 1071 1406 tui
1092 1347 1190 1407 cordis
1211 1350 1318 1428 oculos,

984 1434 1060 1493 Arne
1081 1433 1291 1493 amantissimos

1028 1519 1193 1594 angelorum
1214 1520 1348 1594 populos.

897 1724 950 1784 24.
984 1724 1074 1783 Beato
1096 1721 1216 1800 familia,

1025 1824 1098 1882 quae
1118 1810 1150 1869 in
1171 1809 1238 1869 ultis
1260 1807 1383 1887 habital,

982 1894 1041 1955 Ubi
1060 1911 1147 1953 senex
1169 1912 1226 1955 non
1247 1895 1336 1971 gemit

1026 1996 1117 2054 neque
1138 1979 1234 2042 iniens
1257 1980 1389 2059 sagitu13

800 2175 803 2177 ’
899 2186 952 2245 25.
986 2184 1045 2245 Ubi
1066 2184 1167 2243 laudes
1189 2184 1316 2265 Domini,

1028 2270 1108 2329 nullu
1130 2287 1185 2331 vox
1207 2271 1359 2345 retinetur,

985 2357 1044 2418 Ubi
1067 2372 1124 2415 uon
1146 2356 1280 2429 esuritur,

1026 2440 1077 2500 ubi
1098 2458 1243 2517 uunquam
1264 2442 1378 2521 sititur,

898 2648 950 2709 26.
985 2645 1044 2709 Ubi
1066 2646 1131 2706 cibo
1153 2661 1279 2719 superno

1026 2731 1110 2807 plebs
1132 2733 1264 2792 coelestis
1287 2734 1432 2811 pascitur3
1548 2725 1551 2731 ’

984 2819 1043 2880 Ubi
1065 2835 1148 2878 nemo
1170 2819 1301 2899 moritur,

1027 2905 1095 2978 quie
1117 2920 1201 2964 nemo
1223 2905 1369 2979 nescitum

900 3110 951 3171 21.
986 3108 1045 3169 Ubi
1067 3109 1134 3168 aulo
1155 3109 1234 3184 regis

1029 3195 1107 3254 dulci
1129 3202 1215 3254 centu
1234 3195 1323 3268 plenu
1344 3201 1397 3271 est,

985 3283 1021 3340 ln
1042 3297 1100 3354 quc
1121 3281 1196 3340 mele
1218 3295 1356 3341 resonans

1027 3367 1107 3426 nulle
1130 3383 1186 3426 vox
1207 3365 1308 3427 auditu
1329 3372 1406 3447 est3‘

900 3571 951 3631 28.
987 3568 1046 3632 Ubi
1067 3570 1127 3630 vita
1149 3569 1251 3630 viridis

1027 3670 1153 3730 veruque
1174 3653 1273 3714 iuturn
1294 3646 1351 3729 est,

983 3743 1074 3816 Quem
1093 3757 1146 3800 uec
1160 3757 1238 3800 mors
1253 3757 1307 3800 uec
1321 3741 1461 3800 maeroris

1026 3831 1119 3886 metus
1152 3832 1373 3901 consumpturus
1406 3830 1460 3889 est.

900 4025 951 4084 29.
984 4023 1068 4082 Laeti
1089 4025 1149 4083 leto
1170 4028 1317 4084 tmnsncto

1027 4111 1135 4170 laetum
1156 4124 1253 4184 regern
1275 4107 1424 4182 videbunt,

985 4195 1055 4254 Cum
1077 4203 1216 4270 regnante
1238 4193 1410 4269 regnabunt,

1027 4297 1091 4340 cum
1121 4282 1264 4356 gaudente
1285 4279 1461 4356 gaudebuut.

898 4481 949 4542 30.
984 4479 1065 4537 Tune
1088 4478 1180 4556 dolor,
1203 4485 1271 4538 tune
1292 4477 1428 4552 taedium,

1026 4569 1095 4622 tunc
1116 4563 1200 4623 leber
1222 4562 1381 4639 delebitur3

982 4650 1064 4708 Tunc
1074 4664 1127 4708 rex
1139 4665 1248 4725 regum,
1264 4664 1316 4708 rex
1327 4648 1460 4727 mundus,

1025 4752 1043 4795 a
1065 4735 1181 4796 mundis
1203 4734 1357 4797 videbitur.

329 4841 448 4893 Blnme.
466 4842 588 4886 Thesauri
601 4840 768 4895 hymnologici
782 4839 956 4894 Hymnsrium.
1274 4833 1308 4886 23

1492 4882 1558 4948 Δ
