3642 5550
319 636 380 698 122
587 635 653 682 Pars
672 635 693 683 1.
729 634 829 694 Hymni
848 635 1028 698 antiquissimi
1047 652 1115 686 saec.
1135 638 1248 696 ,v.-xl.

318 813 346 869 3.
382 809 550 879 OThornu,
574 806 683 865 Christi
934 809 963 867 6.
997 808 1214 879 Bartholomue,

425 895 617 967 perlustrator
638 892 747 965 lateris,
1041 894 1114 951 caeli
1135 894 1215 952 sidus
1236 911 1363 966 aureum,

382 980 440 1037 Per
462 979 513 1036 illa
535 983 635 1035 sancta
999 979 1096 1036 Milies
1117 996 1205 1052 supra

425 1072 454 1121 te
476 1080 608 1137 rogamus
631 1063 759 1138 vulnera,
1041 1065 1110 1121 solis
1130 1065 1214 1123 iubar
1235 1066 1363 1142 radians,

382 1151 460 1222 Quae
482 1148 581 1207 mundi
605 1154 706 1206 cuncta
997 1149 1086 1221 Erige
1108 1156 1216 1208 mentes

426 1236 572 1294 diluerunt
594 1234 723 1307 crimina,
1040 1242 1153 1295 nostras
1174 1236 1242 1307 polo
1263 1235 1394 1294 turbidus

381 1320 502 1378 Nostros
525 1325 622 1376 reatus
996 1320 1165 1393 Aegrasque
1187 1326 1302 1379 nostras

423 1412 504 1479 terge
526 1405 583 1461 tuis
605 1404 748 1475 precibus.
1040 1422 1110 1463 sana
1133 1406 1334 1468 conscientias

323 1580 352 1637 4.
385 1577 491 1636 Iacobo
512 1579 595 1653 iuste,
938 1579 966 1639 7.
1000 1577 1150 1635 Mutlhuee
1171 1583 1279 1650 sancte,

426 1664 492 1720 Iesu
514 1659 608 1720 frater
631 1662 755 1734 Domini,
1044 1662 1111 1720 hino
1133 1662 1245 1735 pollens
1267 1677 1392 1735 munere,

384 1748 428 1807 Sit
451 1747 503 1804 tibi
526 1747 575 1820 pia
1000 1747 1113 1806 Sedulis
1136 1750 1230 1806 lesum

426 1849 513 1904 snper
537 1848 588 1890 nos
611 1832 779 1906 compassio,
1041 1833 1195 1905 interpella
1217 1832 1373 1904 questibus,

380 1918 456 1988 Quos
479 1933 543 1975 reos
566 1916 635 1974 fecit
997 1917 1038 1977 Ut
1060 1935 1111 1974 nos
1133 1918 1162 1974 iu
1185 1918 1285 1975 mundi

426 2003 551 2075 superba
573 2002 711 2060 iactantia
1042 2003 1183 2075 gubernet
1205 2002 1375 2080 turbinibus,

382 2088 479 2161 Atque
501 2086 630 2146 foedavit
999 2088 1043 2145 Ne
1066 2093 1132 2161 post
1153 2094 1287 2146 aeternus

424 2174 523 2231 mundi
545 2173 715 2245 petulantia.
1042 2173 1158 2231 sorbeat
1181 2174 1339 2233 interitus

324 2347 352 2404 5.
387 2345 474 2403 Proui
497 2361 638 2421 rogamus,
936 2346 964 2404 8.
998 2345 1087 2402 Beate
1109 2344 1214 2404 Simon

429 2426 577 2503 Philippa
601 2446 632 2487 os
654 2429 807 2504 lampadis,
1041 2437 1070 2486 et
1091 2429 1250 2489 Thadduec
1272 2429 1381 2501 inclite,

385 2514 452 2574 Pias
475 2516 607 2573 caelestis
999 2515 1116 2574 Cernite
1137 2521 1252 2572 nostros

424 2616 508 2658 aures
531 2601 614 2675 pulsa
635 2600 748 2678 iudicis,
1042 2602 1163 2673 gemitus
1186 2616 1249 2657 cnm
1273 2600 1407 2675 lacrimis,

381 2685 430 2761 Ut,
454 2702 526 2759 quae
548 2701 699 2759 merentur,
998 2686 1108 2758 Quique
1129 2702 1183 2758 per
1204 2686 1315 2757 lapsum

423 2772 546 2844 repellat
568 2771 711 2845 supplicia
1039 2788 1236 2844 promeremur
1259 2770 1429 2842 barathrum,

379 2856 428 2928 Et,
451 2873 523 2929 quae
544 2874 703 2929 precamur,
801 2910 805 2918 .
998 2858 1055 2915 Per
1078 2874 1128 2915 vos
1152 2857 1296 2915 caelorum

426 2942 475 3000 det
497 2959 621 3014 superna
642 2943 756 3015 gaudia.
1040 2958 1201 3000 mereamur
1222 2934 1355 3002 aditum.¹

835 3055 853 3094 *
962 3055 980 3094 *

899 3104 917 3142 *

469 3201 498 3259 9.
532 3201 651 3258 Matuta
673 3201 757 3276 iuste,
782 3201 914 3259 duodeno
936 3199 1008 3256 solio

535 3285 678 3344 Residens
699 3293 786 3358 sorte,
809 3302 861 3344 nos
883 3302 901 3343 a
923 3284 1034 3342 cunctis
1056 3284 1178 3341 nexibus

536 3371 621 3430 Solve
643 3372 764 3443 peccati,
788 3387 874 3429 verae
895 3370 968 3427 lucis
991 3369 1103 3442 gaudiis

536 3457 597 3526 Quo
619 3455 801 3528 perfruamur
822 3457 880 3514 tuis
903 3455 1009 3514 sanctis
1032 3455 1176 3527 precibus.

452 3625 501 3685 10.
531 3627 642 3684 Praeco
664 3625 787 3698 benigne
808 3630 836 3681 et
860 3625 947 3682 decus
971 3625 1118 3696 ecclesiae,

533 3711 681 3768 Buruuba
704 3716 811 3783 sancte,
836 3716 935 3768 cernat
956 3716 988 3768 nt
1010 3710 1150 3782 miserias,

508 3802 509 3806 ’
534 3795 672 3869 Supplica
695 3796 851 3871 Christum,
874 3796 1001 3869 patimur
1023 3812 1093 3867 quas
1117 3795 1228 3867 merito,

535 3882 645 3940 Releva
667 3881 775 3939 sanctis
798 3897 905 3954 nosque
928 3881 985 3938 tuis
1008 3880 1152 3953 precibus

449 4054 499 4115 11.
533 4053 628 4125 Lucu,
651 4053 745 4111 fidelis
768 4054 843 4111 lator
865 4052 974 4112 Christi
998 4052 1147 4130 dogmatis,

534 4141 654 4213 Spretor
677 4138 800 4197 earnalis
822 4138 933 4208 integer
956 4138 1109 4211 cupidinis,

532 4224 648 4282 Medice
671 4223 755 4281 docte
777 4224 905 4297 corporis
928 4230 957 4280 et
978 4223 1100 4295 animae,

535 4309 611 4367 Sana
633 4316 751 4367 veterna
773 4309 852 4382 aegri
874 4310 971 4368 cordis
994 4305 1133 4370 vulnera.i

450 4479 499 4538 12.
532 4479 646 4553 Marce,
670 4479 804 4537 sacerdos
826 4479 936 4536 levitici
958 4478 1077 4550 ordinis,

532 4565 670 4622 Precibus
692 4565 749 4622 tuis
771 4581 823 4622 nos
846 4581 863 4622 a
886 4564 996 4622 cunctis
1020 4563 1141 4622 vinculis

534 4649 619 4708 Solve
642 4656 749 4723 reatus,
771 4649 826 4708 hoc
848 4656 880 4708 nt
902 4649 967 4722 pius
990 4650 1130 4708 Dominus

534 4734 625 4792 Nobis
649 4735 797 4810 concedat,
820 4737 896 4808 quod
920 4752 989 4793 sana
1012 4750 1092 4792 mens
1115 4734 1257 4796 obsecret.
