3642 5550
722 594 744 643 Ι.
770 594 811 643 1)1
829 595 886 645 Ι)11
905 595 981 645 etde
998 596 1089 646 Beata„
1431 576 1493 641 275

318 762 402 811 sendu
465 762 511 812 des
539 760 645 827 „lumea
671 761 824 814 aeternam“
843 763 883 827 (5,
914 763 954 830 3),
983 766 1095 818 welches
1123 767 1243 816 Christus
1270 764 1313 810 ist.
1358 753 1494 831 Demnach

318 832 402 880 istiu
442 869 448 893 ,
469 828 485 881 2
505 828 607 896 „velut“
627 832 697 883 wohl
716 834 882 884 aufzufassen
901 835 941 885 als
959 833 1194 901 gleichbedeutend
1213 832 1260 881 mit
1279 822 1394 893 ,sicut“:
1419 819 1496 874 Sicut

317 900 375 949 dies
400 902 590 965 primogenitus
615 906 663 950 etc.
681 900 725 964 (ε
744 903 795 952 Str.
812 901 846 965 4),
874 901 914 953 sic
935 906 1044 954 verbum
1069 920 1130 953 caro
1148 904 1245 953 sactum
1264 904 1312 948 eto.
1330 896 1373 959 (=
1391 893 1442 943 Str.
1461 890 1495 952 5).

318 970 415 1019 Dieser
436 970 496 1019 Teil
522 970 568 1019 des
592 971 715 1034 Hymnus
742 986 796 1019 war
821 972 999 1023 anscheineud
1025 970 1209 1037 urspringiich
1234 970 1275 1018 fiir
1302 967 1353 1015 den
1377 963 1495 1026 Sonnfag

318 1037 461 1087 bestimmt.
481 1064 513 1074 —
532 1038 605 1088 Gunz
623 1039 718 1089 andere
736 1045 838 1104 geartet
855 1043 891 1089 ist
908 1042 951 1091 die
966 1042 1194 1106 Darstellungsart
1212 1041 1240 1088 in
1257 1037 1308 1086 den
1321 1034 1372 1084 Str.
1387 1027 1495 1089 16-39,

317 1106 418 1156 welche
436 1107 542 1156 einfach
560 1107 700 1158 eraihleud
718 1110 783 1158 fiber
801 1108 848 1158 das
868 1111 958 1159 Leben
969 1111 1035 1159 Jesu
1048 1109 1146 1159 Christi
1164 1106 1308 1163 berichten‚
1326 1100 1432 1152 iihnlich
1445 1101 1494 1148 wie

317 1176 355 1224 im
378 1176 500 1239 Hymnus
521 1172 679 1240 „Hymuam
706 1172 780 1227 dicut
802 1176 883 1228 turba
906 1174 1051 1241 fratrum“.
1087 1178 1135 1227 Als
1152 1177 1250 1241 Epilog
1274 1171 1414 1222 schliefsen
1438 1168 1495 1217 sich

317 1245 371 1294 Str.
389 1241 492 1293 att-42
508 1260 576 1309 gana
595 1246 733 1311 organisch
753 1261 787 1295 an
804 1245 848 1296 die
866 1248 918 1297 Str.
938 1244 1037 1297 16-39
1055 1263 1098 1297 an.
1117 1273 1151 1281 —
1169 1243 1312 1295 Vielleicbt
1330 1240 1387 1290 also
1407 1239 1495 1288 haben

317 1314 368 1361 wir
392 1314 436 1362 ein
453 1313 652 1380 Komglomerat
674 1331 728 1363 von
753 1314 809 1364 drei
831 1315 1016 1381 urspringlich
1034 1320 1189 1380 getrennten
1208 1310 1353 1364 Gedichten
1371 1323 1420 1357 vor
1438 1323 1495 1355 uns.

388 1382 441 1431 Die
458 1383 536 1431 Vers·
561 1382 614 1431 und
633 1383 902 1451 Strophenabteilung
924 1385 1070 1449 entspricht
1093 1399 1179 1449 genau
1201 1382 1277 1446 jener
1295 1383 1322 1428 in
1340 1378 1386 1427 der
1403 1375 1494 1424 Hand·

320 1450 427 1514 schrifl3
445 1452 490 1500 ein
501 1445 669 1512 jambiscbcr
685 1452 837 1502 Fiinfsiiber
854 1470 879 1503 u.
898 1456 943 1503 ein
960 1450 1142 1502 trochdischer
1159 1446 1367 1501 katafektischer
1378 1446 1497 1494 Dimeter

319 1519 451 1569 weebseln
477 1520 527 1579 ab,
552 1519 651 1585 gerade
675 1522 725 1570 wie
749 1522 792 1570 bei
814 1517 927 1587 ,Sancti
950 1518 1048 1573 amit&
1072 1522 1127 1585 (Nr.
1151 1516 1225 1583 228),
1255 1513 1380 1583 ,Celebre
1404 1508 1494 1561 Iuda“

317 1586 375 1648 (Nr.
393 1584 455 1653 234)
470 1587 524 1638 und
543 1583 660 1655 „Audite
677 1586 795 1652 fratres“
814 1590 870 1653 (Nr.
888 1587 955 1651 251).

486 1896 549 1952 alo.
578 1897 710 1965 Hymnus
728 1897 835 1965 „Altus
853 1896 1022 1953 Ρ1111111“
1041 1895 1141 1952 sancti
1160 1893 1333 1951 columbae.

448 2090 487 2150 lt.
521 2092 591 2165 Quis
612 2095 709 2164 potest
731 2091 794 2149 Deo
818 2092 934 2164 placere
952 2090 957 2166 Ι
977 2091 1141 2150 Novissime
1163 2090 1193 2146 in
1215 2094 1345 2162 tempore

520 2176 646 2236 variatis
668 2176 827 2250 insignibus
847 2171 851 2258 Ι
873 2178 1011 2236 Veritatis
1033 2176 1183 2236 ordinibus

517 2262 657 2338 Exceptis
680 2263 926 2336 contemptoribus
946 2260 951 2343 Ι
971 2262 1075 2322 Mundi
1097 2261 1257 2335 praesentis
1280 2258 1387 2318 istius?

345 2470 374 2529 1.
409 2467 498 2529 111111
519 2475 663 2545 prosator,
686 2475 814 2527 vetustus
959 2472 987 2529 3.
1023 2466 1104 2529 Caeli
1127 2469 1164 2527 de
1185 2468 1266 2541 regni
1288 2468 1371 2540 apice

411 2556 531 2615 Dierum
553 2560 583 2612 11
604 2554 747 2628 ingenitus
1025 2554 1163 2613 Stationis
1184 2554 1332 2627 angelicae
1398 2604 1401 2610 .

409 2615 483 2700 Erit
511 2643 620 2717 absque
642 2640 752 2713 origiue
858 2662 860 2667 ⁸
1025 2641 1165 2701 Claritate
1186 2655 1257 2712 prae
1279 2637 1409 2713 fulgoris,

409 2725 565 2788 Primordii
588 2733 617 2784 et
639 2726 796 2804 crepidine,
1026 2728 1182 2785 Venustate
1205 2725 1370 2802 speciminis

407 2815 462 2873 Est
485 2819 513 2871 11
536 2813 592 2870 1111
613 2812 643 2870 11
665 2815 781 2872 1111111
1027 2813 1227 2885 Superbiendo
1249 2817 1347 2871 ruerat

410 2899 596 2961 saeculorum
620 2897 748 2975 infinita3
1024 2897 1153 2971 Lucifer,
1177 2915 1262 2971 quem
1283 2896 1467 2973 formaverat,

410 2985 464 3045 Cui
486 2990 529 3042 est
551 2983 714 3057 unigenitus
1025 2986 1240 3057 Apostataeque
1262 2985 1356 3058 angeli

411 3071 541 3130 Christus
572 3075 602 3127 et
630 3077 746 3128 sanctus
768 3070 887 3143 spiritus
1025 3070 1136 3128 Eodem
1157 3070 1242 3142 lapsu
1263 3069 1378 3142 lugubri

411 3157 586 3215 Coaetemus
607 3155 637 3213 in
660 3156 751 3229 gloria
1025 3156 1161 3215 Auctoris
1183 3156 1367 3232 cenodoxiae,

410 3241 535 3301 Deitatis
557 3245 706 3314 perpetua.
1028 3242 1190 3300 Pervicacis
1213 3241 1348 3312 invidiae,

409 3328 476 3386 Non
505 3331 565 3385 tres
592 3327 660 3385 deos
684 3327 887 3401 depromimus,
1026 3328 1137 3388 ceteris
1159 3327 1372 3385 remanentibus

411 3413 469 3471 Sed
493 3429 579 3470 uuum
602 3412 694 3470 Deum
718 3413 838 3471 dicimus
1026 3416 1061 3472 In
1083 3414 1142 3472 suis
1164 3413 1384 3487 principatibus.

410 3498 498 3557 Salva
519 3497 577 3556 fide
599 3498 630 3556 in
649 3499 780 3570 personis

408 3584 514 3643 Tribus
536 3583 759 3660 gloriosissimis.

344 3785 373 3836 ‘.
407 3773 507 3833 Bonos
529 3773 638 3831 creavit
659 3771 787 3848 Aupefos
963 3778 991 3834 4.
1025 3773 1123 3832 Draco
1145 3791 1263 3848 magnus
1286 3774 1478 3849 taeterrimus,

409 3859 532 3919 Ordines
556 3864 585 3916 et
608 3857 807 3933 Archoapefos
1027 3859 1179 3917 Terribilis
1203 3865 1231 3916 et
1255 3860 1399 3931 antiquus,

407 3939 638 4018 Praeparetur
660 3960 694 4002 ac
716 3945 845 4022 Seritam,
1027 3945 1082 4017 Qui
1104 3944 1159 4003 fuit
1181 3960 1299 4016 serpeus
1322 3944 1460 4019 lubricus,

407 4032 596 4108 Potestatam,
625 4030 796 4103 Virtutiam,
927 4044 931 4052 '
1027 4031 1190 4108 Sapientior
1212 4030 1342 4088 omnibns

408 4117 460 4177 Uti
481 4133 539 4175 non
562 4123 638 4174 esset
659 4116 773 4175 bonitas
1026 4117 1131 4175 Bestiis
1154 4124 1182 4174 et
1203 4115 1396 4174 animantibus

408 4203 507 4263 Otiosa
529 4219 563 4260 ac
586 4203 721 4261 maiestas
1026 4205 1135 4263 Terrae
1158 4201 1356 4278 ferocioribus

409 4288 561 4347 Trinitatis
584 4288 613 4346 in
637 4287 767 4346 omnibus
963 4288 966 4293 '
1025 4289 1153 4348 Tertiam
1176 4294 1287 4360 partem
1308 4288 1436 4345 siderum

409 4373 568 4446 Largitatis
591 4373 767 4449 munoribus,
1027 4375 1129 4433 Traxit
1158 4391 1253 4432 secum
1284 4374 1313 4431 in
1337 4373 1503 4432 barathrum
1574 4372 1576 4377 '

410 4459 468 4518 Sed
489 4458 619 4534 baberet,
643 4459 779 4518 caelestia
1028 4462 1169 4518 Lomrum
1192 4458 1377 4518 infernalium

410 4547 445 4604 In
467 4545 570 4618 quibus
593 4546 747 4619 privilegia
1028 4547 1274 4618 Diversarumque
1298 4561 1444 4604 carcerum

410 4630 583 4692 Ostenderet
604 4647 777 4704 magnopere
1028 4630 1153 4704 Refugas
1176 4632 1237 4689 veri
1258 4633 1374 4690 luminis

409 4715 545 4778 Possibili
567 4715 706 4778 fatimine.
1028 4718 1162 4777 Parasito
1183 4718 1371 4792 praecipites.

1337 4815 1351 4845 s

1298 4814 1330 4870 18
1370 4874 1573 4950 ,m
