3642 5550
720 619 742 668 I.
768 619 810 669 De
829 621 885 669 Deo
904 624 930 669 et
947 618 980 669 de
998 619 1088 669 Beata.
1129 645 1135 655 ,
1435 616 1499 681 303

342 795 371 855 7.
406 786 559 866 Gignendo
581 797 665 866 pater
686 792 849 867 appellatus
936 794 985 853 12.
1020 790 1116 851 Maria
1138 793 1218 864 virgo
1240 807 1309 850 vera
1330 790 1469 863 babetur;

404 878 519 938 Prolem
544 894 579 937 er
602 894 633 937 ae
652 877 752 951 prodit
766 878 881 951 almum,

405 963 491 1024 cuius
512 969 580 1022 aute
602 980 686 1023 omne
707 969 820 1037 tempus

405 1048 469 1109 Una
493 1055 522 1107 et
544 1066 598 1123 par
620 1055 665 1108 est
687 1051 831 1111 maiestas.

339 1627 369 1691 8.
405 1628 502 1689 Homo
525 1631 657 1692 Christus
679 1632 850 1691 humanatus

404 1716 448 1777 Dc
470 1717 576 1788 spiritu
599 1723 628 1774 et
649 1718 760 1791 virgine

406 1802 461 1860 Dei
482 1802 576 1875 patris
599 1820 661 1861 esse
684 1803 775 1875 prolis

404 1889 469 1947 Nou
492 1890 585 1947 sancti
600 1889 719 1961 spiritus
734 1889 880 1958 creditur3

405 1971 502 2033 Homo
524 1990 560 2031 ex
582 1992 656 2047 aqua
679 1980 795 2033 renatus

405 2060 497 2118 Natus
519 2075 610 2133 aquae
632 2077 689 2118 non
714 2060 828 2134 dicitur,

405 2144 463 2203 Sed
486 2144 541 2202 Dei
563 2147 656 2217 patris
679 2161 742 2203 esse
765 2145 855 2217 prolis

404 2232 443 2290 Et
465 2231 566 2288 matris
589 2231 736 2293 ecclesiae.

363 2515 371 2530 .
405 2468 491 2529 Idem
514 2470 633 2544 virginis
658 2469 742 2545 filius,

405 2556 484 2613 Idem
508 2557 557 2628 qui
578 2556 634 2614 Dei
656 2563 700 2614 est
722 2555 808 2632 filius,

406 2642 473 2701 Sine
497 2639 613 2700 defectu
635 2642 754 2700 alterius

404 2729 564 2801 Utrumque
586 2744 660 2787 unus
680 2729 770 2790 Iesus.

404 2810 476 2885 Ipse
498 2814 629 2873 Christus
652 2830 738 2873 carne
759 2821 854 2889 natus,

405 2899 445 2959 Ut
469 2900 558 2957 ceteri
580 2901 676 2959 cuncti
700 2901 771 2977 nati,

404 2984 437 3041 ln
460 2992 573 3059 natura,
597 3003 653 3044 non
675 2993 804 3065 peccato,

407 3070 476 3129 Sine
499 3071 618 3129 crimine
641 3076 737 3130 castus
759 3079 852 3135 natus.

364 3359 371 3373 .
405 3309 643 3384 Kaputnostrum
653 3312 785 3370 Christus
793 3313 881 3387 Deus,
937 3313 987 3373 15.

405 3397 521 3468 Nosque
543 3413 641 3455 omnes
664 3397 724 3456 eins
744 3399 881 3473 membra,

405 3482 436 3541 Si
458 3482 546 3556 capiti
569 3484 777 3544 concordantes

407 3568 532 3641 Spiritus
555 3586 606 3626 nos
630 3570 746 3628 Christo
767 3570 869 3645 iungit.

404 3652 506 3726 Kaput
527 3662 657 3714 nostrum
681 3672 744 3715 cum
761 3673 881 3730 corpore

405 3741 489 3802 Unus
511 3739 642 3799 Christus
665 3747 709 3799 est
731 3741 866 3813 effectus,·

404 3825 517 3896 Quanto
538 3826 628 3898 magis
650 3827 793 3886 mediator

405 3913 485 3969 Iesus
508 3910 587 3970 Dens
610 3929 681 3971 nnus
704 3914 851 3978 Christus!

364 4179 372 4194 .
406 4131 543 4212 Laetare,
567 4135 648 4208 virgo
671 4137 776 4211 Maria,

405 4220 529 4278 Laetare
550 4221 580 4278 in
602 4229 652 4280 tuo
674 4220 750 4298 filio;

404 4307 615 4379 Laetemurque
638 4324 735 4365 omnes
757 4308 787 4364 in
808 4325 841 4366 eo

401 4391 455 4464 qni
478 4392 558 4451 nasci
586 4391 721 4467 dignatus
744 4410 778 4452 ex
802 4410 845 4453 ea.

400 4475 591 4537 Laudabatur
611 4479 648 4537 ab
671 4480 788 4556 angelis,

400 4565 428 4622 A
451 4564 619 4637 pastoribus
643 4565 804 4641 inspicitur,

401 4652 429 4709 A
451 4649 547 4723 Magis
570 4651 701 4708 Christus
723 4651 880 4724 quaeritur,

401 4735 441 4794 Et
462 4752 480 4793 a
504 4736 589 4794 stella
614 4736 837 4796 demonstratur.

1019 877 1075 935 Dei
1091 872 1227 949 'genetrix
1251 876 1372 946 dicitur,·

1022 962 1149 1022 Verbum
1174 963 1250 1020 enim
1273 977 1340 1021 caro
1362 960 1470 1021 factum

1021 1049 1087 1108 Nou
1098 1048 1129 1107 iu
1140 1060 1255 1108 carnem
1266 1063 1435 1107 conversum
1442 1052 1495 1109 001.

1021 1133 1135 1195 Mariae
1156 1135 1295 1208 gremium
1316 1133 1498 1210 germinavit,

1022 1220 1129 1281 Genuit
1150 1221 1243 1280 Deum
1265 1225 1295 1278 et
1316 1219 1469 1294 bominem,

1021 1307 1128 1365 Verum
1151 1322 1255 1380 eorpus
1277 1310 1306 1365 et
1327 1304 1462 1379 animam,

1022 1394 1065 1454 Ut
1078 1391 1163 1450 bomo
1178 1397 1255 1451 totns
1268 1394 1307 1451 sit
1320 1392 1497 1465 redemptus.

937 1635 987 1694 13.
1009 1630 1095 1692 Nunc
1118 1647 1265 1691 commune
1288 1631 1404 1691 deitatis

1019 1718 1104 1778 Deus
1126 1732 1229 1776 nomen
1250 1717 1399 1791 trinitatis,
1496 1775 1499 1779 .

1020 1805 1053 1861 In
1076 1820 1132 1875 qno
1154 1802 1254 1861 unicus
1276 1802 1445 1861 benedictus

1020 1889 1108 1947 Venit
1129 1893 1159 1946 et
1179 1893 1295 1946 sanctus
1317 1889 1453 1963 spiritus3

1020 1973 1173 2047 Nunquam
1196 1979 1280 2046 pater
1301 1974 1482 2047 omnipotens

1020 2062 1055 2118 In
1078 2060 1132 2119 boo
1154 2075 1217 2117 esse
1239 2059 1427 2137 adprobatur,

1018 2146 1091 2219 Quia
1113 2146 1206 2204 Deum
1229 2146 1410 2219 coaequalem

1020 2230 1128 2290 Gemuit
1149 2236 1252 2290 natura
1273 2231 1372 2290 filium.

937 2472 988 2533 14.
1020 2467 1208 2544 Omnipotens
1231 2472 1349 2531 verbum
1370 2473 1463 2545 patris

1020 2558 1177 2631 Virtusque
1199 2564 1228 2615 et
1249 2559 1380 2617 voluutas

1022 2643 1102 2706 anli
1124 2651 1220 2702 terrae
1242 2650 1346 2703 cuncta
1367 2646 1469 2718 impiet

1024 2731 1099 2791 Suae
1123 2730 1238 2790 deitatis
1262 2732 1401 2803 potentia.

1023 2813 1127 2877 (1111110
1149 2817 1217 2876 data
1238 2834 1255 2875 a
1277 2816 1340 2875 Deo
1361 2823 1445 2890 patre

1021 2902 1202 2961 Humanitati
1224 2903 1285 2960 eius
1308 2918 1384 2975 vere,

1022 2988 1105 3046 Sedis
1127 2993 1266 3061 pateruae
1288 2987 1430 3047 confessio

1022 3075 1062 3131 Et
1083 3075 1248 3146 angelorum
1270 3071 1406 3135 officium.

1021 3311 1132 3374 Passus
1155 3317 1199 3369 est
1220 3313 1356 3388 princeps
1381 3329 1488 3386 regum,

1020 3400 1106 3460 Cuius
1129 3402 1213 3471 pater
1234 3415 1336 3471 passus
1358 3414 1414 3455 nou
1437 3402 1481 3454 est

1019 3485 1498 3556 NeoProoedenspassusunquam3

1020 3571 1151 3630 Christus
1174 3571 1251 3628 solus
1274 3586 1361 3628 001110
1388 3587 1497 3644 passus.

1020 3654 1234 3729 Primogenitus
1257 3671 1293 3714 ex
1314 3655 1435 3714 mortuis

1021 3744 1078 3801 Per
1099 3743 1266 3816 sanguinem
1289 3741 1346 3801 sibi
1369 3746 1482 3818 cuncta,

1020 3831 1098 3900 Quae
1120 3828 1150 3885 in
1173 3829 1253 3886 caelo
1276 3834 1305 3885 et
1326 3828 1357 3886 in
1377 3833 1465 3903 terra,

1021 3916 1126 3974 Sancta
1148 3931 1222 3991 pace
1244 3913 1376 3975 sociavit.

981 4180 989 4196 .
1024 4136 1112 4218 Quem
1136 4143 1203 4196 ante
1226 4137 1341 4196 saecula
1355 4138 1499 4197 credimus

1023 4225 1118 4282 Patris
1141 4229 1239 4282 uatum
1262 4223 1324 4280 sine
1346 4229 1446 4297 matre,

1022 4312 1122 4382 Ipsum
1143 4323 1255 4381 quoque
1276 4309 1307 4366 in
1329 4310 1390 4367 eius
1410 4308 1467 4368 fine

1021 4395 1118 4453 Matre
1140 4399 1238 4453 natum
1260 4393 1321 4451 sine
1349 4402 1440 4468 patre.

1023 4478 1077 4560 Qui
1100 4496 1154 4537 nec
1175 4480 1279 4538 unione
1295 4485 1338 4537 est
1354 4478 1497 4559 confusus,

1021 4567 1084 4625 Nec
1106 4565 1289 4624 distinctione
1311 4567 1480 4640 geminatus,

1019 4651 1101 4709 Idem
1124 4667 1238 4724 semper
1260 4647 1345 4711 bomo
1365 4652 1453 4729 Deus,

1020 4738 1088 4811 Ipse
1111 4737 1190 4795 Deus
1211 4738 1296 4796 homo
1318 4753 1412 4799 verus.
