3642 5550
726 634 747 683 I.
774 634 815 684 De
833 635 891 684 Deo
909 633 986 685 etde
1002 636 1093 685 Beata.
1269 643 1273 652 '
1440 636 1503 700 265

321 805 371 865 15.
408 805 455 863 Ex
477 806 541 878 quis
563 822 636 864 unus
658 805 805 865 invenitur
943 810 993 868 25.
1027 808 1168 867 Demovet
1188 825 1291 867 saxum
1313 808 1457 885 sepulcro,

453 890 560 950 Christi
582 892 670 951 Iudas
693 893 834 966 traditor3
1070 894 1167 968 Surgit
1189 895 1321 954 Christus
1343 895 1463 969 integer.

407 978 592 1036 instruuntur
621 978 701 1036 missi
732 979 768 1037 ab
799 980 887 1038 Anna
1026 980 1107 1038 Haec
1132 981 1211 1041 videt
1232 982 1356 1053 Iudaea,
1380 982 1504 1040 mendax

451 1064 609 1136 proditoris
631 1065 740 1125 osculo.
1067 1066 1139 1125 haec
1170 1072 1270 1140 negat,
1301 1084 1365 1125 cum
1387 1066 1502 1126 viderit.

321 1202 371 1261 16.
407 1202 549 1259 Innocens
570 1206 672 1275 captus
694 1208 808 1261 tenetur
941 1206 991 1264 26.
1026 1204 1164 1264 Feminae
1197 1204 1319 1277 primum
1353 1210 1505 1264 monentur

451 1302 505 1345 nec
527 1302 691 1361 repugnans
714 1288 839 1366 divitur,
1069 1290 1240 1349 salvatorem
1265 1291 1372 1365 vivere,

409 1372 537 1446 Sistitnr,
562 1372 644 1432 falsis
668 1382 816 1448 grassatur
1027 1376 1103 1447 Quas
1126 1377 1233 1434 salutat
1252 1376 1315 1449 ipse
1337 1382 1471 1449 maestas,

450 1458 612 1518 offerendus
634 1461 746 1521 Pontio.
1071 1463 1196 1535 complet
1218 1462 1316 1520 tristes
1338 1463 1459 1537 gandi03

322 1616 372 1676 17.
406 1615 534 1673 Discutit
553 1615 667 1674 obiecta
689 1631 816 1695 praeses,
942 1617 993 1677 27.
1027 1616 1120 1689 Seque
1141 1618 1299 1676 amortuis
1320 1623 1442 1689 paterna

450 1702 561 1759 nullum
584 1702 692 1760 crimen
715 1702 833 1760 invenit.
1069 1703 1238 1762 suscitatum
1261 1704 1381 1762 dextera

408 1787 483 1857 Sed,
514 1787 693 1862 cumturba
715 1788 886 1847 Iudaeorum
1025 1788 1124 1847 Tertia
1147 1789 1194 1847 die
1216 1789 1326 1847 redisse

449 1890 503 1945 pro
526 1874 618 1932 salute
640 1874 772 1934 Caesaris
1068 1875 1182 1933 nuntiat
1204 1876 1353 1947 apostolia.

323 2028 372 2086 18.
408 2027 546 2085 Dicerent
557 2027 703 2087 Christum
714 2028 884 2102 necandum,
939 2030 992 2088 28.
1024 2028 1094 2086 Mox
1116 2028 1230 2087 videtur
1252 2046 1268 2086 a
1291 2027 1393 2102 beatis,

450 2112 543 2171 turbis
563 2118 677 2171 sanctus
699 2113 841 2187 traditnr3
1066 2131 1136 2186 qnos
1165 2113 1317 2186 probavit,
1347 2111 1502 2191 fratribus3

408 2197 508 2271 impiis
532 2198 628 2257 verbis
651 2205 807 2273 grassatur,
830 2201 843 2242 t
1023 2200 1104 2273 Quod
1138 2200 1279 2269 redisset,
1315 2198 1502 2273 ambigentes,

449 2291 543 2359 sputa,
566 2283 657 2358 flagra
679 2286 811 2344 sustinet.
1065 2286 1156 2344 intrat
1179 2285 1284 2344 clausis
1306 2286 1408 2344 ianuis.

321 2440 372 2499 19.
412 2438 558 2497 Scandere
581 2456 692 2497 crucem
716 2439 832 2499 iubetur
943 2442 994 2499 29.
1028 2440 1088 2498 Dat
1115 2441 1221 2499 docens
1243 2446 1400 2514 praecepta
1421 2440 1502 2513 legis,

451 2526 586 2583 innocens
609 2543 663 2598 pro
685 2526 795 2604 noxiis3
1071 2527 1122 2585 dat
1145 2526 1272 2585 divinum
1294 2526 1437 2602 spiritum,

407 2612 504 2669 Morte
529 2612 634 2687 carnis,
657 2628 742 2684 quam
758 2611 888 2685 gerebat,
1028 2610 1167 2683 Spiritum
1189 2612 1245 2670 Dei
1267 2609 1437 2685 perfectum,

449 2703 570 2755 mortem
593 2698 683 2758 vincit
704 2699 839 2757 omnium.
1071 2696 1211 2756 trinitatis
1234 2698 1388 2758 vinculum.

321 2855 372 2915 20.
407 2853 480 2911 Tum
510 2854 602 2911 Deum
633 2853 757 2912 clamore
785 2870 888 2927 magno
942 2854 993 2913 30.
1027 2853 1174 2925 Praecipit
1201 2859 1291 2912 totum
1321 2868 1376 2926 per
1403 2851 1502 2910 orbem

451 2944 562 3012 patrem
596 2939 725 3012 pendens
754 2939 886 3015 invocat3
1069 2938 1212 3012 baptizari
1234 2939 1385 3009 credulos3

406 3024 488 3082 Mors
511 3030 609 3083 secuta
630 3024 758 3083 membra
780 3024 888 3084 Christi
1026 3025 1137 3083 Nomen
1160 3025 1251 3097 patris
1273 3026 1449 3096 invocantes,

452 3111 533 3168 laxat
554 3111 655 3169 stricta
677 3111 801 3171 vincula.
1070 3109 1238 3170 confitentes
1259 3109 1360 3185 filium,

323 3267 376 3325 21.
411 3265 487 3323 Vela
513 3266 615 3338 templi
636 3266 727 3323 scissa
749 3265 888 3339 pandunt,
942 3267 992 3326 31.
1027 3265 1154 3338 Mystica
1174 3263 1233 3324 fida
1256 3264 1366 3323 revelat

455 3366 513 3408 nox
534 3351 669 3409 obscurat
691 3352 853 3424 saeculum3
1069 3352 1174 3409 tinctos
1196 3356 1296 3409 sancto
1317 3350 1431 3423 spiritu,

412 3435 585 3495 Excitantur
607 3438 644 3496 de
665 3438 806 3510 sepulcris
1025 3435 1119 3494 Fonte
1142 3435 1258 3507 tinctos,
1280 3437 1441 3509 innovatos,

457 3522 564 3580 dudum
587 3524 684 3582 clausa
705 3539 836 3596 corpora.
1069 3521 1143 3580 filios
1167 3520 1259 3580 factos
1281 3521 1348 3582 Dei.

326 3680 378 3737 22.
412 3675 502 3736 Affuit
523 3677 632 3750 ioseph
653 3677 764 3747 beatus,
943 3681 992 3740 32.
1027 3680 1104 3736 Ante
1125 3678 1236 3753 lucem,
1262 3677 1348 3735 turba
1369 3674 1502 3749 fratrum,

455 3779 558 3836 corpus
581 3763 670 3821 mirra
691 3763 826 3836 perlitum
1069 3764 1269 3822 concinnemus
1291 3762 1420 3836 gloriam,

411 3849 514 3907 Linteo
536 3849 602 3906 rudi
621 3849 741 3922 ligatum
1026 3850 1087 3921 Qua
1110 3850 1246 3908 docemur
1267 3864 1320 3906 nos
1343 3846 1453 3906 tuturos

454 3951 517 3993 cum
540 3934 639 3993 dolore
662 3934 801 3997 condidit.
1067 3935 1242 4008 sempiterno
1264 3935 1388 3995 saeculo.

321 4093 375 4151 23.
410 4088 521 4147 Milites
544 4106 660 4150 servare
682 4105 786 4164 corpus
943 4092 993 4149 33.
1028 4091 1105 4148 Galli
1136 4096 1253 4166 cantus,
1285 4089 1354 4161 galli
1383 4089 1502 4161 plausus

452 4176 552 4234 Annas
575 4176 711 4249 princeps
733 4175 887 4250 praecipit,
1054 4166 1230 4248 ⁴proximum
1253 4174 1343 4233 sentit
1366 4174 1459 4247 diem,

412 4261 452 4320 Ut
474 4261 596 4330 videret,
620 4261 646 4319 si
668 4261 806 4334 probaret
1026 4261 1086 4319 Nos
1117 4266 1266 4319 cantantes
1288 4267 1318 4318 et
1338 4268 1501 4334 precantes,

365 4398 367 4402 ,
453 4345 594 4422 Christus,
606 4347 905 4423 quodspoponderat3
1067 4362 1141 4419 qnae
1163 4345 1271 4423 futura,
1298 4346 1451 4407 oredimus.

318 4502 372 4560 24.
406 4500 549 4572 Angelum
573 4501 629 4560 Dei
650 4506 807 4560 trementes
940 4503 990 4564 34.
1024 4502 1252 4574 Immensamque
1274 4501 1452 4559 maiestatem

452 4592 532 4653 veste
554 4589 689 4646 amictum
712 4587 846 4658 candida,
1067 4587 1268 4645 concinnemus
1290 4586 1404 4666 iugiter,

409 4672 463 4743 Qui
487 4674 612 4733 candore
635 4673 775 4732 claritatis
953 4698 955 4704 ¹
1023 4675 1100 4731 Ante
1121 4673 1214 4731 lucem
1236 4673 1399 4732 nuntiemus

449 4759 541 4818 vellus
565 4759 634 4818 vicit
656 4759 797 4837 senonm3
1067 4758 1212 4818 Christum
1245 4774 1341 4833 regem
1375 4759 1500 4821 saeculo.
