3642 5550
323 622 384 691 188
579 630 644 677 Pars
661 630 683 678 1.
719 629 817 692 Hymni
837 628 1016 693 antiquissimi
1035 642 1103 677 saec¹
1122 628 1154 676 V·
1164 628 1237 677 -x1.

388 800 491 863 l'ragm.
517 816 563 849 ms.
589 800 727 863 Ilymnarii
753 801 845 849 ineert.
867 799 961 864 origin.
987 813 1055 847 eaeo,
1082 794 1121 847 10.
1163 797 1226 847 God.
1251 798 1356 847 Bernen
1387 796 1428 846 aa
1447 793 1479 847 90.

319 863 390 931 (pars
411 864 460 929 19).
479 894 512 901 -
530 868 568 917 Es
586 869 674 933 folgen
692 883 734 916 arn
753 868 878 919 Sehlusse
895 866 964 916 noch
982 866 1104 930 folgonde
1122 868 1217 916 Versa:

628 1006 732 1055 Cursim
751 1006 841 1069 peregi
859 1004 985 1063 earmina,

628 1076 702 1135 Quae
720 1078 809 1122 vestre
826 1076 938 1122 cernunt
955 1071 1064 1131 lumina,

627 1142 730 1190 Horum
749 1142 876 1206 patricior
892 1138 920 1204 (l.
939 1139 1067 1204 patrator)
1084 1140 1202 1205 postulat

628 1210 724 1260 Valere
742 1214 768 1260 te
787 1226 833 1274 per
851 1209 966 1259 saeoula.

390 1348 471 1395 Diese
493 1348 575 1395 Verse
602 1347 660 1396 sind
687 1348 750 1397 aber
778 1363 839 1397 vom
862 1349 983 1411 Hymnus
1010 1346 1092 1396 durch
1120 1347 1163 1396 ein
1183 1343 1202 1405 †
1222 1350 1344 1410 getrennt
1370 1345 1422 1396 und
1445 1346 1485 1393 mit

322 1414 413 1463 Recht.
437 1440 469 1450 —
489 1416 544 1464 Der
562 1415 612 1464 Stil
638 1415 723 1465 dieses
743 1418 864 1480 Hymnus
889 1415 969 1465 stieht
991 1431 1045 1465 von
1064 1415 1152 1479 jenem
1177 1415 1223 1464 der
1241 1416 1365 1479 Hymnen
1383 1416 1426 1463 Nr.
1445 1410 1485 1462 162

322 1483 375 1532 und
395 1479 444 1532 163
462 1482 590 1533 merklieh
609 1485 657 1548 ab;
675 1485 732 1534 also
751 1484 820 1533 wohl
838 1487 881 1534 ein
900 1484 1011 1534 anderer
1028 1483 1139 1533 Aukton

622 1805 683 1862 165.
710 1807 745 1860 In
764 1821 790 1862 s.
810 1804 955 1863 Iohannis
973 1805 1199 1873 Euangelistao.

326 1999 354 2059 1.
389 1999 469 2057 Caeli
489 1998 566 2056 aives
588 1998 618 2055 in
641 1999 746 2071 gaudio
938 2002 968 2058 4.
1001 1999 1046 2057 De
1068 2014 1186 2071 quornm
1210 1997 1349 2056 dicendus
1370 1995 1449 2056 uobis

387 2085 538 2142 Manentes
561 2100 656 2141 coram
679 2084 810 2159 Domino,
1001 2083 1054 2142 Est
1077 2099 1153 2142 nuno
1173 2100 1246 2142 unus
1269 2082 1412 2142 consortio

389 2172 480 2227 Voces
503 2185 602 2227 suaves
626 2168 739 2227 fundite
1004 2169 1126 2228 Nomine
1148 2169 1290 2228 Iohannes
1314 2169 1417 2241 dictus,

388 2255 428 2311 Et
449 2254 511 2312 Deo
533 2255 634 2313 laudes
657 2255 759 2315 canite.
1002 2254 1104 2314 Gratia
1126 2254 1181 2313 Dei
1203 2260 1330 2317 vocatus.

326 2446 355 2502 2.
391 2444 527 2500 Laetetur
550 2447 578 2499 et
600 2443 721 2501 eeclesia
943 2449 970 2503 5.
1005 2444 1090 2502 Hune
1111 2443 1239 2503 salvator
1261 2444 1402 2501 eastitatis

390 2530 447 2586 Per
468 2534 631 2603 sanctorum
652 2528 801 2586 sollemnia
1005 2530 1121 2589 Clarum
1143 2545 1196 2601 pro
1219 2528 1371 2603 privilegio

390 2615 429 2671 Et
451 2613 613 2676 insonoris
636 2612 765 2672 cantibus
1006 2615 1050 2672 De
1072 2614 1197 2689 pectoris
1219 2615 1263 2672 sui
1285 2614 1378 2672 saneti

390 2699 504 2756 Laudes
529 2699 605 2757 diest
627 2693 738 2757 summi
751 2700 837 2775 regis,
1005 2696 1091 2758 Claro
1114 2697 1193 2757 fonte
1216 2699 1388 2772 repleverat,

329 2891 357 2947 3.
391 2887 443 2958 Qui
468 2887 539 2944 caeli
561 2895 712 2961 terraeque
735 2895 830 2946 rector
941 2894 969 2949 6.
1004 2890 1089 2950 Unde
1111 2888 1202 2948 multa
1223 2889 1345 2948 satiatus

390 2973 437 3030 Ad
460 2974 610 3032 terrestria
634 2974 810 3032 descendens
1004 2976 1186 3034 secretorum
1208 2975 1362 3033 dulcedine

390 3061 470 3118 luter
491 3059 620 3117 homines
643 3060 748 3117 electos
1004 3060 1044 3119 Et
1065 3060 1095 3119 in
1118 3060 1206 3119 oaelis
1228 3065 1258 3117 et
1278 3060 1309 3118 in
1331 3060 1417 3119 terris

389 3143 450 3202 Sibi
473 3144 566 3202 iunxit
587 3145 749 3218 apostolos
1004 3147 1100 3207 Multa
1122 3145 1184 3203 visa
1206 3145 1357 3205 eructavit

634 3335 661 3393 7.
695 3333 769 3391 Inde
790 3332 853 3391 Deo
875 3334 938 3390 laus
958 3333 997 3390 sit
1018 3347 1134 3406 semper

696 3418 775 3477 Patri
797 3434 908 3477 necnon
931 3422 960 3475 et
982 3417 1043 3476 filio

696 3504 762 3563 Una
783 3520 845 3562 eum
868 3503 974 3577 spiritu
997 3508 1097 3564 saneto

697 3591 730 3647 In
753 3589 928 3662 sempiterna
950 3590 1074 3650 saecula.

395 3775 502 3826 Colleet.
531 3792 579 3825 ms.
605 3777 760 3826 Monasterii
792 3793 827 3826 ss.
854 3777 927 3826 Petri
954 3781 981 3827 et
1005 3778 1083 3827 Pauli
1112 3778 1360 3846 wissenburgensis
1387 3795 1455 3830 saec.
1475 3773 1495 3826 9.

327 3843 389 3894 Cod.
408 3844 639 3909 Guelferbyteran.
656 3841 725 3894 4150
741 3841 784 3906 (66
803 3843 1000 3911 weissenburg)
1023 3846 1082 3898 add.
1107 3861 1175 3897 saec.
1196 3844 1236 3897 ll.
1255 3873 1288 3882 -
1306 3846 1363 3899 Ans
1389 3847 1496 3914 gleieher

328 3911 422 3970 Quelle
440 3913 483 3962 bei
500 3912 647 3962 Milohsaek
665 3915 687 3973 Ι,
705 3910 729 3962 2.
748 3939 781 3947 -
799 3913 889 3963 Inhelt
906 3914 959 3963 und
972 3915 1050 3964 Form
1068 3915 1161 3966 stehen
1179 3918 1241 3967 weit
1257 3917 1348 3966 hinter
1361 3916 1442 3982 jenen
1458 3915 1495 3966 der

326 3979 559 4044 vorhergehenden
576 3981 828 4045 Johanneshymnen
846 3982 955 4032 zuriiok.

615 4305 677 4362 loo.
704 4306 739 4359 In
758 4320 799 4361 ss.
819 4305 964 4362 Iohannis
983 4307 1015 4362 ot
1032 4306 1128 4362 Pauli
1146 4307 1219 4363 IIII.

534 4484 561 4542 1.
599 4481 699 4542 Gloria
723 4481 826 4556 dignos
849 4482 968 4541 colimus
990 4484 1155 4557 triumphos

600 4568 857 4626 Sacrosanotorum
881 4569 1045 4628 venerando
1068 4567 1204 4645 fratrum,

597 4653 685 4711 Festa
707 4651 845 4712 Iohannis
868 4654 1034 4728 pariterque
1056 4653 1143 4714 Pauli

738 4737 838 4796 Laude
859 4754 972 4800 sonora.
