3642 5550
482 1488 522 1567 A
562 1486 601 1567 2.
641 1484 804 1588 Hymni
827 1484 881 1565 de
908 1483 1118 1587 Tempore
1145 1482 1416 1564 Communes

767 1656 929 1730 Series
965 1655 1135 1729 altera.

869 1812 1023 1819 *-

660 1926 705 1983 23.
733 1926 790 1981 llio
808 1925 969 1981 Dominleu
987 1925 1026 1981 ud
1045 1926 1229 1981 Nocturnas.

879 2033 1006 2083 Hieme.

358 2210 387 2269 1.
421 2208 518 2268 Primo
542 2206 652 2264 dierum
675 2203 809 2275 omnium,
866 2279 868 2284 ,
978 2207 1007 2263 5.
1042 2206 1102 2262 Iam
1125 2219 1210 2272 nune,
1233 2208 1355 2276 paterna
1377 2202 1506 2279 claritas,

422 2295 484 2365 Quo
514 2291 637 2349 mundus
664 2295 758 2348 exstat
781 2288 924 2360 conditus,
1042 2291 1084 2349 Te
1106 2289 1284 2362 postulamus
1305 2284 1439 2357 adfatim,

422 2378 476 2436 Vel
499 2394 555 2450 quo
577 2391 729 2447 resurgens
753 2375 886 2433 conditor
1040 2374 1128 2433 Absit
1146 2374 1239 2432 libido
1260 2373 1414 2432 sordidans

422 2463 482 2522 Nos
505 2467 598 2520 morte
620 2460 697 2518 vieta
719 2460 834 2533 liberat,
1043 2459 1197 2532 Omnisque
1219 2465 1300 2517 aetus
1322 2458 1434 2535 noxius,

354 2638 386 2694 2.
421 2632 517 2693 Pulsis
539 2632 640 2704 procul
662 2630 828 2703 torporibus
975 2634 1005 2691 6.
1038 2629 1084 2688 Ne
1106 2627 1194 2688 foeda
1216 2630 1254 2687 sit
1276 2628 1324 2686 uel
1345 2628 1459 2686 lubrica

423 2718 577 2791 surgamus
600 2731 697 2774 omnes
720 2716 798 2774 oeius
1039 2716 1184 2790 Compago
1207 2714 1300 2773 nostri
1323 2712 1464 2787 eorporis,

371 2790 376 2800 ⁷
421 2805 461 2864 Et
483 2809 566 2864 nocte
589 2817 757 2875 quaeramus
779 2803 866 2879 pium,
1039 2802 1096 2860 Per
1118 2819 1203 2875 qoam
1224 2799 1336 2859 Averni
1357 2798 1473 2875 ignibus

424 2890 505 2950 Siout
527 2888 698 2962 prophetam
720 2889 861 2961 novimus,
1041 2886 1103 2960 Ipsi
1125 2902 1286 2945 crememur
1307 2885 1413 2944 aerius.

356 3063 386 3121 3.
421 3059 544 3117 Nostras
566 3073 667 3130 preces
689 3063 722 3115 ut
743 3057 845 3115 audiat
976 3055 1006 3119 7.
1042 3056 1161 3128 Obhoc,
1176 3057 1547 3129 redemptor,quaesumns‚

384 3208 386 3212 ,
422 3145 564 3215 Suamque
587 3143 718 3201 dextram
739 3143 871 3215 porrigat
1040 3141 1082 3201 Ut
1103 3142 1210 3214 probra
1232 3147 1332 3199 nostra
1356 3141 1461 3213 diluas,

420 3230 461 3289 Et
482 3229 530 3286 hie
552 3228 647 3301 piatos
670 3227 804 3286 sordibus
1039 3227 1124 3285 Vitae
1139 3227 1282 3302 perennis
1306 3226 1457 3284 commoda

421 3314 537 3373 Reddat
559 3314 690 3385 polorum
712 3313 845 3383 sedibus;
1040 3311 1131 3371 Nobis
1153 3312 1293 3385 benignus
1315 3309 1458 3381 conferas,

357 3488 387 3547 4.
423 3486 474 3556 Ut,
498 3483 602 3556 quique
624 3483 818 3541 saeratissimo
978 3483 1007 3544 8.
1041 3485 1102 3555 Quo
1126 3483 1220 3541 carnis
1241 3489 1307 3540 actu
1330 3481 1443 3539 exsules

420 3569 514 3627 Huius
537 3568 596 3626 diei
617 3574 770 3639 tempore·
1042 3566 1147 3626 Effeoti
1169 3569 1225 3641 ipsi
1248 3568 1384 3639 caelibes,

421 3655 511 3714 Horis
533 3653 639 3726 quietis
662 3653 821 3730 psallimus,
1041 3653 1083 3712 Ut
1104 3654 1316 3725 praestolamur
1338 3651 1448 3728 oemui‚

421 3740 512 3799 Donis
534 3739 626 3797 beatis
648 3745 788 3799 muneret.
1041 3738 1135 3796 Melos
1159 3755 1293 3798 canamus
1316 3739 1435 3811 gloriae.

665 3911 694 3970 9.
729 3911 859 3984 Praesta,
883 3913 969 3983 pater
989 3907 1118 3980 piissime

728 3992 866 4066 Patrique
889 4009 1008 4065 compar
1029 3994 1113 4051 uniee

730 4081 800 4138 Com
824 4078 929 4150 spiritu
951 4079 1093 4151 paraclito

729 4165 864 4239 Regnans
888 4179 1047 4239 peremne
1069 4164 1222 4222 saecolum.

424 4332 553 4396 Hymnar.
580 4347 628 4382 ms.
652 4333 825 4382 Hibemioum
848 4348 917 4382 saec.
942 4329 965 4381 9.
990 4334 1027 4382 in.
1067 4333 1131 4384 cod.
1156 4331 1266 4383 Paulan.
1290 4330 1332 4383 25.
1356 4331 1381 4382 2.
1405 4329 1438 4383 31
1462 4329 1547 4397 (Blas.

358 4402 451 4451 memb.
475 4397 526 4464 86).
566 4401 598 4451 Α.
622 4428 653 4437 -
682 4401 779 4450 Pontis.
803 4405 830 4451 et
852 4401 982 4464 Hymnar.
1006 4417 1054 4450 ms.
1078 4401 1217 4465 Anglicum
1242 4417 1311 4451 saec.
1337 4400 1377 4452 10.
1404 4417 1444 4451 ex.
1480 4400 1547 4451 (lod.

356 4470 479 4519 Vatican.
492 4469 586 4534 Regin.
599 4465 658 4519 338.
672 4470 702 4519 Β.
716 4495 749 4504 -
762 4471 859 4533 Hymn.
873 4484 921 4517 ms.
934 4469 1194 4534 Anglo-Saxonieum
1212 4467 1409 4532 (Monastionm)
1421 4484 1490 4519 saee-
1504 4465 1547 4518 ll.

357 4540 394 4587 in.
408 4535 470 4586 Cod.
484 4537 632 4587 Londinen.
644 4539 724 4602 Vesp.
736 4539 761 4587 D
775 4537 837 4588 XII.
851 4538 879 4588 C.
897 4563 932 4571 -
944 4539 1043 4602 Hymn.
1061 4554 1109 4588 ms.
1122 4537 1382 4604 Anglo-Saxonieum
1394 4553 1464 4588 saee.
1479 4532 1547 4588 ¹⁰l11.

358 4605 421 4655 Cod.
443 4605 592 4655 Londinen.
609 4606 665 4657 Jul.
683 4605 707 4655 Α
725 4606 771 4656 VI.
789 4607 823 4655 D.
841 4605 908 4660 (Nur
925 4605 1101 4671 Paraphrase)
1118 4632 1153 4641 -
1170 4609 1268 4670 Hymn.
1291 4623 1340 4656 uns.
1358 4606 1548 4658 Wintoniense

357 4689 425 4724 saec.
452 4670 493 4724 11.
529 4674 592 4723 Cod.
611 4675 698 4739 Capit.
717 4675 916 4725 Dunelmen.B
940 4676 982 4724 111
1005 4671 1048 4724 32.
1068 4675 1098 4723 Ε.
1123 4702 1157 4709 -
1175 4673 1307 4724 Colleetar
1330 4679 1357 4725 et
1374 4676 1475 4740 Hymn.
1496 4690 1547 4726 ms.
