3642 5550
328 614 393 682 360
636 621 704 671 Pars
720 619 756 672 11.
792 619 946 687 Hymnodia
963 620 1205 675 Hiberae-Celtica.

538 800 588 862 13.
622 792 774 868 Dentibus,
795 793 921 869 linguae,
946 814 965 852 a
986 794 1040 870 ori,
1063 812 1146 873 uvae,
1168 797 1285 876 gutturi,

620 879 790 955 Gurgulioni
814 899 833 937 a
856 886 885 939 et
907 880 1086 956 sublinguae,
1109 883 1224 959 cervici,

620 965 745 1040 Capituli
765 985 785 1020 a
811 971 921 1042 centro,
945 966 1117 1042 cartilagini,

622 1052 704 1115 cotio
727 1052 852 1111 clemens
873 1069 893 1107 a
918 1051 1020 1112 adesto
1042 1052 1185 1117 tutamini.

893 1377 948 1441 111.

331 1624 381 1688 14.
414 1622 527 1682 Deinde
550 1625 611 1679 esto
950 1621 1000 1681 18.
1032 1618 1107 1692 Tege
1128 1634 1223 1677 ramos

459 1706 552 1767 lorice
573 1704 717 1765 tutissima
1076 1709 1292 1763 concrescentes
1316 1704 1422 1784 decies,

416 1793 496 1868 Erga
516 1790 655 1863 membra,
1034 1789 1105 1848 Cum
1127 1789 1282 1863 mentagris

460 1894 529 1953 erga
549 1892 612 1936 mea
634 1876 756 1951 viscma,
1074 1890 1182 1949 ungues
1204 1874 1287 1934 binos
1309 1876 1481 1955 quinquies;

417 1966 458 2027 Ut
479 1962 614 2023 retrudas
1031 1961 1107 2035 Tege
1128 1966 1239 2034 pectus,

459 2066 477 2109 a
498 2065 544 2107 me
565 2046 726 2108 invisibiles
1076 2046 1212 2122 iugulem,
1234 2048 1445 2121 pectusculum,

335 2193 337 2200 ,
417 2135 526 2195 Sudum
548 2134 654 2205 clavos,
1034 2132 1191 2211 Mamillas,
1214 2142 1272 2192 sto-

459 2236 530 2294 quos
552 2217 643 2293 figunt
663 2217 798 2280 odibiles.
1078 2217 1210 2277 maehum
1233 2225 1262 2276 et
1283 2218 1462 2279 umbilicum.

333 2461 383 2522 15.
416 2461 492 2535 Tege
513 2475 591 2535 ergo,
951 2461 1000 2521 19.
1033 2459 1107 2532 Tege
1129 2464 1267 2531 ventrem,

460 2547 547 2624 Dens,
571 2542 642 2604 forti
664 2543 757 2603 lorica
1077 2543 1200 2618 lumbos,
1223 2542 1359 2616 genitalia

419 2632 489 2692 Cum
511 2630 637 2705 scapulis
1037 2631 1132 2702 Atque
1153 2630 1248 2687 alvum

459 2733 573 2778 umeros
596 2721 624 2775 et
646 2715 781 2791 brachio3
1078 2721 1106 2773 et
1129 2715 1224 2774 cordis
1247 2714 1363 2788 ritalia3

417 2803 492 2879 Tcpe
512 2804 595 2863 ulnas
1034 2803 1109 2876 Tege
1130 2800 1203 2861 trifi-

462 2905 525 2948 cum
548 2887 628 2947 cubis
650 2895 680 2948 et
702 2886 842 2966 manibus,
1075 2888 1143 2946 dum
1162 2888 1241 2945 iecor
1262 2891 1292 2944 et
1314 2886 1375 2959 ilia,

419 2975 542 3052 Pugnas,
566 2974 688 3050 palmas,
1035 2974 1173 3046 Mensem,
1192 2986 1289 3045 renos,

463 3058 568 3134 digitos
591 3075 655 3118 cum
677 3058 829 3132 unguibus.
1077 3057 1192 3117 fithrem
1216 3067 1284 3116 cum‘
1302 3057 1421 3132 obligia.

336 3300 386 3361 to.
417 3300 492 3374 repe
513 3299 646 3372 spinam·
951 3302 1002 3362 ao.
1036 3298 1111 3374 repe
1133 3276 1241 3370 attin,

462 3389 490 3442 et
513 3389 606 3443 costas
629 3399 692 3442 cum
714 3382 842 3463 artubus,
1078 3390 1203 3444 toracem
1226 3401 1290 3443 cum
1312 3386 1459 3464 pulmone,

419 3471 523 3544 Terga,
547 3470 662 3529 dorsum
1038 3471 1140 3547 Venas,
1164 3469 1262 3539 fibras,

462 3561 492 3613 et
512 3571 616 3614 nervos
638 3571 702 3615 cum
725 3554 853 3627 ossibus,
1079 3554 1119 3614 iel
1143 3572 1206 3613 cum
1228 3553 1417 3634 bucliamine3

419 3641 494 3715 Tege
512 3647 615 3718 cutem,
1036 3643 1111 3716 Tege
1134 3657 1259 3717 caruem,

463 3726 628 3800 sanguinem
652 3741 715 3785 cum
738 3727 864 3803 renibus,
1079 3727 1197 3800 inguina
1219 3743 1283 3786 cnm
1304 3725 1452 3802 medullis,

421 3811 596 3887 Gatacrinas,
1036 3812 1171 3889 Splenem
1193 3818 1284 3872 tortu-

462 3903 544 3957 nates
567 3914 630 3956 cum
653 3895 820 3959 femoribus.
1078 3898 1137 3956 osis
1158 3915 1221 3957 cum
1244 3895 1399 3958 intestinis

337 4136 387 4198 17.
420 4136 495 4209 Tege
517 4133 645 4210 gambas,
951 4138 1002 4197 21.
1038 4136 1113 4210 Tege
1134 4135 1207 4195 vesi·

463 4236 570 4291 sumas,
594 4218 752 4296 femoralia,
1079 4238 1151 4293 cam,
1174 4220 1290 4293 adipem
1312 4225 1341 4278 et
1362 4227 1469 4293 pantes

420 4305 493 4364 Cum
515 4306 642 4377 genuclis
1037 4307 1243 4380 compaginum

467 4391 592 4464 poplites
615 4396 644 4448 et
665 4406 773 4464 genua3
1079 4393 1250 4452 innumeros
1266 4392 1401 4471 ordines;

421 4476 496 4549 Tege
513 4476 618 4556 talosfl
1035 4479 1110 4553 Tege
1132 4477 1205 4550 pilos

467 4578 530 4619 cum
552 4561 631 4619 tibiis
650 4567 679 4619 et
701 4561 836 4634 calcibus,
1078 4570 1165 4636 atque
1188 4563 1316 4622 membra
1339 4563 1466 4636 reliqua,

425 4647 527 4721 Crura,
550 4645 639 4719 pedes
1034 4650 1160 4722 Quorum
1183 4647 1259 4707 forte

466 4731 630 4810 plantarum
652 4747 715 4793 cum
738 4730 865 4797 basibus.
1078 4733 1238 4811 praeterivi
1260 4731 1386 4794 nomina.
