3642 5550
595 630 631 679 11.
657 630 698 679 De
717 629 829 681 Sanctis.
848 656 882 664 -
899 631 979 680 Des.
997 630 1121 681 Patricio.
1246 659 1251 669 ‹
1325 614 1336 629 ⁶
1385 629 1446 694 341

285 804 314 861 9.
348 799 479 875 Impiger
501 801 651 860 credentes
675 803 767 875 pascit
885 803 936 862 14.
970 798 1090 860 (lmnem
1112 819 1166 875 pro
1189 804 1287 862 divina
1309 805 1372 876 lege
1429 834 1431 837 ·

394 887 519 959 dapibus
543 888 723 961 caelestibus,
1012 888 1110 947 mundi
1133 889 1244 960 spernit
1265 890 1395 962 gloriam,

350 973 402 1035 Ne,
421 973 469 1045 qui
482 973 617 1031 videntur
629 989 691 1030 cum
705 973 828 1048 Christo,
968 974 1022 1045 Qui
1052 980 1154 1031 cuncta
1175 975 1213 1031 ad
1237 974 1297 1032 eius
1319 991 1445 1033 mensam

395 1059 423 1115 in
446 1058 493 1117 via
517 1057 668 1134 deficiant3
1011 1059 1144 1134 aestimat
1165 1057 1329 1133 quisquilia,

353 1142 462 1215 Quibus
485 1150 585 1217 erogat
606 1150 639 1205 11
660 1161 749 1217 panes
970 1144 1031 1201 Nec
1051 1144 1194 1218 ingruenti
1216 1151 1346 1204 movetur

393 1229 482 1287 verba
504 1230 679 1302 evangelica,
1011 1231 1110 1289 mundi
1133 1230 1216 1288 huius
1240 1228 1369 1306 fulmine,

352 1316 390 1373 Et
413 1314 493 1372 euius
518 1316 747 1390 multiplicantur
968 1314 1026 1373 Sed
1047 1315 1077 1372 in
1100 1316 1231 1373 adversis
1255 1317 1389 1388 laetatur,

394 1406 426 1457 ut
448 1416 552 1460 manna
573 1402 603 1458 in
625 1401 765 1461 manibus.
1010 1417 1072 1459 cum
1103 1418 1156 1474 pro
1179 1400 1294 1461 Christo
1325 1403 1443 1475 patitur.

263 1640 314 1700 10.
346 1638 468 1697 Kastam
491 1639 540 1711 qui
564 1640 688 1697 custodit
712 1654 825 1698 carnem
882 1640 930 1699 15.
965 1638 1073 1699 Pastor
1095 1639 1186 1698 bonus
1208 1646 1237 1697 et
1259 1640 1353 1700 fidelis

393 1724 429 1782 ob
452 1734 578 1783 amorem
602 1724 726 1798 Domini,
1008 1726 1104 1799 gregis
1130 1726 1297 1799 evangelici,

346 1811 436 1881 Quam
446 1810 826 1884 carnemtemplumparavit
965 1811 1053 1882 Quem
1077 1811 1155 1869 Deus
1177 1812 1232 1869 Dei
1256 1813 1343 1885 elegit

390 1902 548 1968 sanctoque
570 1896 694 1973 spiritui,
1007 1897 1153 1954 custodire
1174 1899 1312 1969 populum

345 1982 443 2054 Aquo
461 1986 625 2041 constanter
636 1997 700 2038 cum
713 1982 826 2040 mundis
965 1982 1108 2055 Suamque
1130 1998 1249 2056 pascere
1271 1983 1385 2056 plebem

387 2066 557 2139 possidetur
579 2066 700 2134 actibus,
1009 2059 1114 2126 di'vinis
1136 2068 1327 2140 dogmatibus,

347 2152 435 2222 Quam
463 2158 495 2210 ut
516 2152 641 2211 bostiam
664 2153 824 2224 placentem
965 2153 1022 2211 Pro
1038 2170 1094 2226 qua
1109 2154 1146 2211 ad
1160 2154 1268 2215 Christi
1280 2156 1441 2227 exemplum

389 2238 484 2296 vivam
506 2236 590 2297 offert
613 2238 745 2297 Domino.
1008 2255 1088 2297 suam
1111 2240 1202 2297 tradit
1224 2242 1357 2301 animam.
1449 2240 1452 2245 ’

260 2477 310 2536 11.
345 2474 513 2549 Immenque
542 2476 641 2534 mundi
671 2492 822 2537 accensum
876 2477 927 2539 16.
962 2475 1052 2557 Quem
1085 2494 1139 2551 pro
1169 2479 1280 2537 meritis
1312 2481 1439 2540 salvator

385 2563 486 2637 ingens
508 2562 717 2640 evangelicum,
1002 2564 1137 2639 provexit
1159 2563 1332 2642 pontificem,

344 2651 379 2707 In
402 2647 577 2706 candelabro
599 2649 735 2721 levatum,
961 2646 1005 2712 Ut
1027 2650 1056 2707 in
1081 2650 1196 2707 caelesti
1218 2656 1348 2710 moneret

387 2738 447 2792 toto
460 2731 583 2807 'fulgens
606 2735 755 2813 saeculo,.
1005 2735 1125 2794 clericos
1147 2736 1260 2806 militia,

345 2819 454 2878 Civitas
477 2820 553 2893 regis
576 2820 695 2894 munita,
915 2842 917 2844 ’
962 2821 1122 2882 Caelestem
1160 2823 1264 2895 quibus
1297 2840 1439 2884 annonam

385 2921 473 2977 supra
495 2911 620 2964 montem
643 2907 747 2980 posite,
1004 2914 1104 2983 erogat
1126 2923 1189 2966 cum
1212 2908 1350 2979 vestibus,

344 2989 435 3062 Copia
455 2991 486 3048 in
509 2998 630 3063 quaest
654 2993 752 3062 multa,
961 2992 1044 3064 Quod
1066 2993 1095 3050 in
1120 2993 1225 3052 divinis
1248 2995 1386 3067 impletur

385 3092 469 3148 quam
504 3076 644 3136 Dominus
678 3077 819 3150 possidet.
1005 3080 1152 3152 sacrisque
1174 3077 1332 3161 adfatibus.

258 3316 306 3374 12.
341 3313 484 3373 Maximus
518 3333 639 3388 namque
673 3316 703 3373 in
733 3332 821 3388 regno
876 3319 925 3376 17.
960 3315 1050 3390 Regis
1073 3318 1189 3375 nuntius
1212 3317 1337 3376 invitans

386 3401 528 3459 caelorum
552 3402 712 3477 vocabitur,
1004 3403 1154 3460 credentes
1177 3404 1215 3461 ad
1238 3404 1362 3475 nuptias,

343 3486 407 3560 Qui,
423 3487 498 3559 quod
514 3486 611 3545 verbis
624 3488 708 3546 docet
720 3487 819 3555 sacris,
960 3489 1013 3559 Qui
1036 3494 1154 3546 ornatur
1177 3489 1346 3547 vestimento

386 3568 472 3631 factis
492 3573 633 3645 adimplet
655 3572 754 3648 bonis3
1003 3574 1125 3646 nuptiali
1147 3574 1273 3643 indutus

342 3656 422 3714 Bono
445 3658 595 3729 praecedit
618 3659 748 3730 exemplo
960 3660 1014 3731 Qui
1037 3659 1160 3716 caeleste
1182 3659 1279 3717 haurit
1301 3659 1397 3716 vinum

386 3743 533 3815 formaque
556 3742 694 3814 fidelium,
1003 3745 1032 3801 in
1056 3746 1132 3802 vasis
1155 3744 1328 3803 coelestibus

344 3829 510 3900 Mundoque
532 3829 560 3886 in
585 3829 672 3886 corde
694 3828 781 3886 habet
961 3830 1178 3902 Propinansque
1201 3830 1255 3887 Dei
1278 3830 1357 3902 plebi

386 3914 423 3971 ad
446 3913 538 3971 Deum
562 3913 705 3973 fiduciam.
1003 3916 1134 3987 spiritale
1156 3917 1301 3988 poculum.

260 4137 307 4194 13.
342 4131 453 4192 Nomen
477 4135 592 4194 Domini
614 4136 755 4193 audenter
873 4137 924 4197 18.
958 4133 1078 4195 Sacrum
1100 4135 1210 4193 invenit
1232 4137 1395 4194 thesaurum

385 4219 536 4278 adnuntiat
558 4220 700 4293 gentibus,
1000 4236 1083 4280 sacro
1097 4216 1135 4277 ¹in
1157 4222 1301 4279 volumine

341 4305 450 4378 Quibus
472 4305 581 4364 lavacri
604 4306 704 4364 1111111
958 4306 1173 4379 salvatorisque
1196 4308 1333 4364 incarne

386 4397 532 4448 aeternam
557 4393 607 4450 dat
629 4391 760 4467 gratiam,
790 4433 791 4437 ,
1002 4393 1136 4450 deitatem
1160 4393 1302 4465 pervidet,

342 4477 400 4535 Pro
423 4492 542 4549 quorum
565 4483 631 4536 orat
654 4477 765 4535 delictis
926 4539 928 4544 ,
958 4480 1047 4550 Quem
1063 4479 1227 4535 thesaurum
1244 4478 1313 4534 emit
1327 4479 1435 4536 sanctis

383 4561 423 4621 ad
441 4562 532 4620 Deum
557 4562 672 4636 cotidie,
1000 4561 1195 4637 perfectisque
1217 4563 1338 4637 meritis,

344 4649 401 4707 Pro
432 4647 535 4720 quibus
563 4656 593 4704 ut
619 4644 686 4705 vDeo
718 4650 819 4722 dignos
957 4644 1074 4707 Israhel
1096 4657 1214 4707 vocatur
1237 4650 1320 4707 buius

316 4778 319 4785 .
387 4734 572 4805 immolatque
594 4733 712 4795 hostias.
1000 4735 1104 4807 anima,
1128 4735 1237 4813 ,cidens
1259 4736 1380 4795 Deuot‘.
