3642 5550
652 608 682 657 B.
709 608 810 673 Hymni
828 607 860 657 de
877 607 1007 673 Tempore
1024 607 1138 673 Proprii.
1454 608 1495 671 83

329 786 363 845 5.
396 779 554 841 Exaltatns
577 783 658 840 lesus
681 780 813 839 Christus
933 781 982 842 12.
1017 778 1123 839 liunus
1145 780 1214 838 iude
1235 781 1351 838 mittens
1373 780 1432 839 suis

442 866 472 924 in
495 867 590 925 crucis
612 866 742 941 patibulo
1060 866 1181 938 spiritus
1204 866 1349 940 paracliti,

399 952 514 1011 Haustu
538 950 615 1010 fellis
638 962 668 1009 et
689 952 764 1009 aceti
1018 952 1105 1010 Cuius
1127 951 1242 1009 accensi
1263 951 1358 1009 calore

443 1038 615 1110 propinatus
637 1036 758 1113 poculo;
919 1096 921 1101 ,
1060 1036 1150 1093 locuti
1174 1036 1311 1109 discipuli

400 1124 516 1181 Lancea
537 1124 613 1180 latus
636 1120 806 1201 perfossum,
1018 1122 1136 1181 Cunctis
1159 1121 1294 1197 gentibus
1316 1121 1461 1194 stupenda

444 1206 564 1280 profluit
584 1208 763 1269 miraculum.
1062 1206 1161 1266 divina
1185 1206 1338 1282 magnalia.

332 1382 367 1441 6.
399 1377 527 1451 Fugiens
549 1377 593 1435 sol
615 1378 786 1435 obscuratur
937 1378 986 1440 13.
1020 1374 1137 1435 Nostris
1159 1376 1222 1449 ipse
1244 1376 1325 1433 Iesus
1347 1376 1478 1435 Christus

445 1478 565 1521 cerneus
584 1469 705 1520 mortem
726 1462 843 1520 Domini
1064 1460 1150 1519 finem
1171 1466 1261 1536 ponat
1282 1461 1436 1533 scandalis,

401 1552 587 1619 Luctuosam,
610 1545 700 1605 infert
721 1547 827 1605 mundo
1021 1547 1076 1619 qui
1098 1563 1152 1621 pro
1173 1546 1257 1605 nobis
1281 1546 1346 1604 dira
1367 1547 1475 1620 probra

445 1632 584 1692 tenebrae
607 1633 776 1706 caliginem3
1064 1632 1181 1690 sustulit
1203 1632 1240 1690 ab
1263 1632 1377 1711 impiis,

401 1721 591 1779 Monumenta
612 1724 777 1794 patuemnt,
1021 1718 1112 1777 Omne
1134 1717 1246 1776 facinus
1270 1717 1408 1791 explodat

445 1804 541 1862 velum
564 1804 665 1876 templi
686 1804 807 1861 scissum
827 1808 881 1864 est.
1064 1803 1111 1860 hic
1133 1803 1256 1861 anobis
1278 1803 1399 1875 miseris,

335 1961 368 2018 1.
404 1953 552 2020 Gaudium
575 1954 658 2014 fessis
680 1957 791 2015 laturus
937 1958 987 2018 14.
1022 1953 1130 2016 (lrrida
1150 1956 1252 2029 procul
1275 1962 1384 2015 remota

447 2041 535 2115 tregit
557 2048 655 2115 portas
678 2040 774 2113 inferi,
1063 2043 1173 2099 Averni
1196 2042 1340 2115 supplicia

403 2129 500 2187 Antra
522 2127 612 2186 Erebi
634 2128 784 2185 illustrans
1019 2128 1188 2201 Adepturos
1210 2144 1263 2185 nos
1285 2134 1411 2186 assumat

447 2212 584 2287 spoliavit
606 2218 727 2285 tartara,
1064 2214 1194 2287 paradisi
1216 2213 1332 2286 gaudia,

402 2299 490 2357 Emit
513 2299 590 2356 victo
612 2303 747 2371 serpente
1023 2299 1114 2357 Potiri
1137 2304 1169 2355 ut
1191 2313 1352 2356 mereamur

446 2385 596 2442 beatorum
618 2384 737 2444 animas.
1068 2384 1140 2443 caeli
1163 2384 1339 2443 habitacula.

335 2543 368 2600 8.
403 2536 538 2598 Hebraei
559 2544 629 2596 tunc
650 2555 669 2596 a
690 2539 785 2598 Pilato
940 2540 991 2600 15.
1023 2538 1231 2599 Praetereutes
1253 2538 1365 2611 signum
1388 2538 1482 2595 crucis

450 2624 599 2699 postulant
622 2624 782 2682 custodiam
1068 2625 1234 2697 angelorum
1257 2623 1379 2697 agmina,

406 2710 545 2784 Militum,
569 2710 619 2783 qui
640 2709 678 2767 ad
701 2709 864 2782 sepulcrum
1026 2708 1130 2767 Cernui
1153 2716 1275 2767 venturo
1298 2709 1359 2782 regi

450 2796 627 2854 excubarent
648 2796 759 2869 vigiles,
1069 2795 1240 2868 praebentes
1263 2794 1410 2872 obsequia,

406 2881 483 2953 Quos
506 2881 611 2938 termit
633 2886 662 2937 et
684 2878 794 2953 fugavit
1025 2881 1150 2938 Terrore
1173 2896 1312 2938 concussa
1334 2886 1399 2937 met

449 2966 523 3024 visio
545 2966 686 3039 angelica.
1069 2972 1171 3023 cuncta
1193 2965 1294 3023 mnndi
1316 2965 1457 3025 machina.

338 3123 372 3182 9.
403 3118 492 3180 Illico
514 3126 651 3193 surgente
674 3120 790 3179 Christo
940 3121 989 3181 16.
1024 3116 1115 3198 Quum
1139 3119 1263 3178 terribili
1288 3119 1423 3192 clangore

449 3206 540 3264 omnis
563 3211 642 3263 terra
664 3206 790 3279 tremuit,
1065 3204 1199 3263 tubarum
1222 3221 1279 3263 vox
1303 3204 1423 3262 caelitus

405 3290 538 3349 Mortuos
560 3291 629 3348 olim
651 3291 781 3364 sepultos
1024 3289 1167 3363 sonuerit,
1190 3295 1223 3347 ut
1245 3290 1388 3347 extinctos

449 3383 518 3434 tunc
540 3376 670 3434 viventes
693 3376 838 3449 reddidit3
1066 3383 1146 3432 terra
1167 3374 1274 3433 reddat
1296 3381 1433 3447 mortuos,

407 3461 533 3520 Nuntius
557 3461 690 3519 caelestis
713 3462 822 3534 iuquit:
1023 3459 1200 3518 Reddituros
1223 3460 1364 3517 rationem

451 3547 610 3605 resurrexit
632 3547 781 3606 Dominus.
1067 3545 1191 3621 christo,
1215 3545 1286 3618 regi,
1310 3545 1444 3604 Domino.

318 3700 373 3759 10.
407 3698 556 3758 Karorum
580 3699 788 3775 discipulorum
945 3703 995 3761 17.
1028 3697 1118 3757 Radii
1138 3700 1208 3757 solis
1230 3701 1268 3757 ad
1291 3701 1384 3757 instar

453 3786 541 3843 corda
563 3785 691 3842 mulcens
713 3786 841 3857 loquitur
1073 3783 1205 3842 Christus
1227 3784 1316 3843 index
1339 3787 1449 3843 veniet·

406 3869 537 3927 Hortans
559 3870 608 3943 pie
630 3885 665 3928 ac
686 3870 810 3943 benigue
1031 3867 1195 3927 Collatums
1218 3870 1275 3943 piis
1298 3886 1428 3945 regnum,

451 3955 542 4012 sacris
564 3955 745 4032 mulieribus,
1072 3954 1169 4027 impiis
1191 3956 1375 4027 supplicium.

408 4039 451 4099 Ut
472 4039 549 4097 irent
570 4041 601 4098 in
623 4040 755 4099 Galilaea
1030 4040 1109 4099 Crux
1132 4056 1184 4097 nos
1199 4046 1269 4098 tunc
1283 4041 1360 4099 alma
1375 4047 1509 4116 protegat

453 4124 643 4198 viderentque
665 4126 830 4188 Dominum.
1072 4132 1101 4182 et
1123 4125 1160 4183 ab
1183 4125 1227 4184 ira
1248 4136 1339 4203 eruat,

320 4279 375 4342 11.
409 4275 498 4337 Laeti
522 4286 642 4338 cernunt
662 4297 759 4354 regem
780 4297 880 4356 regum
946 4283 995 4344 16.
1030 4279 1146 4342 Sanctis
1170 4288 1200 4338 ut
1222 4280 1307 4338 simul
1329 4281 1403 4339 uniti

454 4365 625 4438 magistrum
649 4366 794 4443 discipuli,
958 4398 967 4414 ·
1074 4367 1229 4424 evadamus
1251 4372 1363 4425 tartara

409 4449 488 4520 Quos
512 4466 566 4523 per
587 4451 649 4510 (lies
673 4452 872 4526 quadragenos
1032 4451 1193 4523 Proculque
1215 4451 1299 4510 laeva
1322 4452 1438 4511 deserta

452 4536 585 4594 visitavit
605 4538 731 4613 saepius,
1073 4543 1221 4595 teneamus
1245 4536 1403 4616 dexteram,

411 4619 592 4694 Domumque
614 4639 703 4696 regna
725 4623 870 4683 caelorum
1031 4623 1157 4682 Utrum
1181 4622 1298 4681 Christo
1324 4627 1468 4695 potiamur

457 4707 589 4765 ascendit
611 4708 641 4766 iu
664 4709 794 4781 gloriam.
1073 4705 1214 4766 infinitam
1237 4707 1370 4786 gloriam,

1318 4805 1356 4860 6*
