3642 5550
467 651 615 718 Appendix.
634 676 663 685 -
684 652 714 701 B.
739 652 805 702 'ibes
822 651 914 715 hymni
932 651 1064 716 Anonymi
1081 652 1231 718 Augionsis.
1374 654 1437 718 245

260 827 314 886 19.
348 825 443 884 Lucro
465 831 601 885 vacantes
623 824 711 899 impio
879 829 929 889 26.
962 827 1076 886 Laxata
1097 844 1162 886 mox
1185 828 1338 901 captivitas

347 911 510 970 Eliminans
533 928 616 970 sacra
640 912 723 971 domo
964 913 1054 973 Sedes
1076 914 1177 973 revisit
1199 914 1330 986 caelicas,

349 997 534 1071 Caedensque
556 995 653 1071 flagris
675 1000 785 1073 asperis
964 1000 1053 1070 Quam
1078 1000 1171 1073 prima
1191 999 1271 1059 labes
1293 1000 1401 1073 intulit,

347 1083 402 1142 Est
423 1084 499 1142 ultus
521 1082 657 1143 offensam
680 1085 782 1157 patris.
965 1086 1040 1144 Dum
1063 1086 1259 1160 protoplastus
1281 1085 1400 1145 corruit.

306 1301 314 1315 .
348 1256 404 1315 Est
425 1256 493 1314 inde
514 1273 602 1329 passa
621 1256 788 1314 scandalum
877 1257 928 1318 27.
964 1254 1009 1319 Ut
1030 1258 1079 1315 lux
1102 1258 1218 1315 reduxit
1239 1258 1326 1316 tertia

348 1342 433 1400 Mens
454 1342 617 1401 invidomm
639 1342 803 1414 principum
964 1343 1050 1401 Ortus
1074 1343 1118 1401 sui
1140 1343 1311 1417 primordia,

348 1427 439 1487 Morti
460 1428 579 1487 studens
600 1430 676 1486 bunc
694 1429 823 1505 tradere,
962 1429 1032 1488 Orbi
1055 1429 1167 1488 revexit
1189 1429 1313 1487 maxima

348 1513 402 1585 Qui
426 1520 544 1573 venerat
567 1515 655 1574 vitam
678 1514 758 1575 dare.
963 1515 1096 1574 Christus
1119 1531 1270 1589 resurgens
1293 1515 1407 1591 gaudia,

309 1733 317 1749 .
351 1687 432 1746 Tunc
453 1686 577 1745 iudicari
598 1688 727 1766 pertulit,
880 1689 931 1748 28.
966 1687 1066 1746 Testes
1088 1703 1157 1745 suae
1178 1687 1317 1746 victoriae

350 1772 571 1845 Quemiudicem
580 1773 824 1849 mundustremit3
966 1773 1085 1831 Donans
1108 1789 1158 1831 eos
1181 1773 1335 1847 exsistere,'

352 1859 445 1932 Caput
467 1858 580 1932 subegit
602 1858 740 1932 sentibus,
967 1862 1042 1932 Quos
1066 1867 1133 1917 ante
1156 1876 1251 1934 pugna
1272 1860 1385 1934 termit‚

352 1945 467 2003 Vultum
490 1952 639 2020 sputorum
662 1944 806 2005 sordibus.
967 1945 1036 2004 Post
1058 1961 1112 2018 spe
1134 1946 1298 2018 triumphus
1319 1945 1431 2005 extulit.

308 2166 315 2180 .
351 2116 558 2176 Commercium
580 2116 722 2188 mirabile,
880 2118 931 2177 29.
965 2116 1020 2174 His
1043 2132 1111 2189 ergo
1134 2117 1368 2175 convescentibus

350 2204 456 2262 Rerum
479 2203 556 2276 quod
578 2209 678 2261 auctor
696 2203 726 2260 in
743 2218 827 2260 cruce
967 2201 1094 2260 Conviva
1118 2202 1340 2261 iucundissimus

351 2289 437 2349 Ultro
459 2289 559 2348 volens
581 2294 700 2347 mortem
723 2288 784 2363 pati
965 2288 1019 2346 Est
1042 2294 1143 2362 pastus
1166 2289 1296 2346 humanis
1319 2289 1391 2347 cibis

353 2375 390 2434 Se
411 2391 497 2434 carne
519 2374 651 2448 permisit
673 2376 755 2438 mori.
966 2373 1031 2432 Non
1055 2374 1094 2432 ad
1118 2375 1245 2449 saginam
1269 2375 1408 2448 corporis.

310 2594 317 2609 .
353 2549 423 2607 Post
445 2548 590 2607 dormiens
613 2563 712 2605 somno
734 2561 785 2604 suo
882 2548 932 2608 30.
957 2545 1060 2620 Gregis
1084 2548 1169 2605 Petro
1192 2548 1236 2605 sui
1260 2545 1345 2604 iidem

352 2634 461 2692 Terrae
482 2633 591 2706 quievit
612 2633 727 2705 lectulo,
966 2633 1119 2691 Mandavit
1140 2633 1208 2692 iude
1231 2639 1388 2710 perpetem,

352 2719 474 2779 Frustra
497 2719 618 2779 cubante
640 2719 731 2777 milite
967 2718 1046 2778 Caeli
1070 2719 1145 2778 datis
1168 2719 1217 2793 qui
1240 2719 1368 2778 clavibus

352 2806 401 2865 Ad
423 2806 507 2866 busta
530 2807 627 2864 clausa
648 2806 755 2879 lapide.
966 2803 1097 2867 Relictus
1120 2811 1165 2863 est
1187 2807 1270 2864 heres
1293 2807 1370 2880 pius.

311 3025 319 3040 .
353 2978 429 3037 Nam
451 2976 544 3038 fructa
565 2979 643 3037 Ditis
665 2978 740 3037 ostia
883 2980 936 3040 31.
970 2978 1032 3035 Neo
1054 2979 1145 3036 multa
1166 2984 1231 3052 post
1255 2978 1356 3037 dilatio

354 3064 468 3122 Virtute
490 3065 593 3122 stravit
615 3064 734 3137 propria
969 3064 1055 3122 Hunc
1072 3064 1170 3122 intulit
1192 3064 1282 3122 nubes
1304 3065 1372 3137 polo

354 3150 517 3223 Mortisque
539 3149 618 3223 rupit
641 3150 755 3209 vincula
970 3149 1103 3223 Stipante
1125 3166 1156 3206 se
1178 3150 1342 3208 caelestium

354 3236 488 3308 Vicitque
510 3252 599 3310 regna
620 3236 731 3309 pallida
970 3236 1065 3294 Multa
1087 3240 1203 3294 caterva
1225 3236 1340 3296 civium.

313 3453 321 3469 .
356 3408 407 3467 Sol
429 3407 480 3466 ille
501 3409 752 3483 splendidissimus
886 3410 935 3468 32.
973 3410 1007 3467 In
1030 3409 1122 3481 patris
1145 3409 1207 3466 illic
1229 3410 1349 3467 dextera

355 3494 425 3553 Imis
449 3491 595 3568 refulgens
616 3494 763 3570 Manibus,
971 3495 1105 3568 Regnans
1128 3495 1211 3553 sedet
1231 3510 1285 3567 per
1307 3495 1430 3553 saecula.

355 3582 445 3654 Quem
467 3581 547 3639 nulla
568 3597 626 3639 nox
648 3581 805 3653 intercipit,

354 3666 416 3724 Nec
438 3665 530 3725 densa
550 3666 640 3725 nubes
662 3667 777 3726 occulit.

579 3841 629 3899 33.
664 3840 750 3898 Nunc
771 3839 894 3897 trinitati
918 3838 1045 3898 debitam

663 3926 702 3985 Os
724 3941 808 3984 omne
830 3931 939 4000 pangat
960 3925 1090 3998 glorium,

663 4011 778 4070 Laudet
799 4016 913 4084 patrem
936 4026 998 4069 cum
1021 4009 1081 4068 filio

662 4097 703 4154 Et
725 4097 831 4172 spiritu
852 4097 1005 4172 paraclito.

337 4268 447 4320 collect
477 4284 524 4317 ms.
552 4267 686 4332 Augiense
718 4283 786 4318 saec.
817 4265 885 4319 10111.
914 4266 952 4332 (et
979 4265 1028 4330 12.)
1074 4266 1137 4316 Cod.
1167 4266 1355 4317 Carolsruhan.
1381 4268 1449 4332 Aug.

268 4338 409 4388 CCXLIV.
433 4363 465 4372 -
489 4337 545 4387 Ans
568 4337 685 4403 gleicher
703 4337 798 4398 Qnelle
821 4338 865 4387 bei
882 4339 962 4387 Mone
986 4334 1017 4399 (1.
1039 4332 1090 4394 31).
1114 4363 1148 4368 -
1171 4333 1201 4399 8,
1225 4333 1353 4401 2parata
1368 4333 1452 4400 (nicht

269 4411 382 4472 patrata,
400 4407 451 4455 vvie
468 4406 549 4456 Mone
567 4403 699 4469 schreibt).
716 4434 751 4442 —
771 4403 816 4466 10,
841 4403 857 4455 2
875 4408 1023 4467 revocaret,
1046 4405 1172 4455 dariuber:
1192 4404 1295 4456 rediret.
1315 4433 1349 4440 —
1370 4401 1416 4468 11,
1434 4401 1451 4456 3

268 4474 397 4540 praetulit
414 4473 554 4524 lblschlioh
571 4474 640 4524 nach
658 4475 789 4524 audiendo
810 4471 861 4537 (11,
874 4472 900 4536 4)
911 4475 1091 4540 gesohrieben‚
1111 4474 1175 4523 aber
1187 4474 1269 4523 durch
1283 4477 1327 4524 ein
1338 4474 1451 4525 Zeichen

270 4544 382 4594 alsdann
401 4558 436 4592 an
453 4542 505 4593 den
524 4544 631 4593 rechten
648 4543 724 4592 Platz
742 4546 894 4593 verwiesen.
913 4569 945 4579 -
967 4542 1013 4605 16,
1033 4540 1045 4590 1
1064 4544 1133 4592 Nam
1152 4543 1224 4605 quid.
1241 4569 1275 4577 -
1296 4540 1341 4604 16,
1358 4541 1376 4593 4
1393 4559 1451 4594 cue-

270 4613 399 4663 111111.-
419 4608 458 4673 17,
476 4609 651 4677 4Angiendo.
672 4638 706 4646 ·-
725 4610 765 4673 21,
781 4609 794 4661 l
812 4613 922 4678 pertulit
938 4611 1023 4674 (nicht
1034 4611 1168 4676 praetulit,
1187 4613 1237 4660 wie
1250 4613 1329 4662 Mone
1342 4612 1452 4677 angibt).

276 4707 303 4716 -
319 4678 370 4741 21,
387 4679 405 4730 4
422 4681 584 4746 Vultumque
601 4681 701 4745 horrig.
721 4697 767 4731 zu:
785 4682 903 4732 Vultum.
921 4707 956 4715 —
973 4677 1020 4741 30,
1045 4676 1061 4728 2
1079 4682 1125 4744 qui
1143 4679 1228 4742 datis,
1250 4681 1363 4747 horrig.:
1382 4684 1452 4731 datis

270 4752 315 4814 qui
332 4747 418 4814 (nicht
436 4746 555 4815 „datus“,
573 4751 623 4800 vvie
635 4751 715 4800 Mone
734 4748 894 4816 behauptet).
908 4776 943 4784 -
960 4746 1003 4810 32,
1023 4747 1036 4798 l
1055 4749 1131 4798 illinc
1148 4749 1249 4814 korrig.
1268 4766 1315 4800 zu:
1334 4751 1399 4800 illio.
1419 4779 1451 4786 —

271 4820 321 4872 Str.
339 4815 374 4871 32
392 4817 499 4871 scheint
515 4819 715 4885 nuvollstiindig
732 4835 767 4869 au
785 4821 850 4872 sein.
