<?xml version="1.0" encoding="UTF-8"?>
<!DOCTYPE html PUBLIC "-//W3C//DTD XHTML 1.0 Transitional//EN"
    "http://www.w3.org/TR/xhtml1/DTD/xhtml1-transitional.dtd">
<html xmlns="http://www.w3.org/1999/xhtml" xml:lang="en" lang="en">
 <head>
  <title>
</title>
<meta http-equiv="Content-Type" content="text/html;charset=utf-8" />
  <meta name='ocr-system' content='tesseract 3.04.00' />
  <meta name='ocr-capabilities' content='ocr_page ocr_carea ocr_par ocr_line ocrx_word'/>
</head>
<body>
  <div class='ocr_page' id='page_1' title='image "./thesaurihymnolo00churgoog_0331.png"; bbox 0 0 3642 5550; ppageno 0'>
   <div class='ocr_carea' id='block_1_1' title="bbox 605 644 1022 721">
    <p class='ocr_par' dir='ltr' id='par_1_1' title="bbox 605 644 1022 721">
     <span class='ocr_line' id='line_1_1' title="bbox 605 644 1022 721; baseline -0.005 -26"><span class='ocrx_word' id='word_1_1' title='bbox 605 717 607 721; x_wconf 14' lang='grc' dir='ltr'><em>Α</em></span> <span class='ocrx_word' id='word_1_2' title='bbox 653 646 674 694; x_wconf 88' lang='grc' dir='ltr'><strong>Ι.</strong></span> <span class='ocrx_word' id='word_1_3' title='bbox 701 645 818 695; x_wconf 54' lang='grc' dir='ltr'>ΒοἸὴο</span> <span class='ocrx_word' id='word_1_4' title='bbox 836 650 863 695; x_wconf 85' lang='lat' dir='ltr'><strong>et</strong></span> <span class='ocrx_word' id='word_1_5' title='bbox 879 644 913 695; x_wconf 89' lang='lat' dir='ltr'><strong>de</strong></span> <span class='ocrx_word' id='word_1_6' title='bbox 929 646 1022 695; x_wconf 86' lang='lat' dir='ltr'><strong>Beata.</strong></span> 
     </span>
    </p>
   </div>
   <div class='ocr_carea' id='block_1_2' title="bbox 248 816 683 891">
    <p class='ocr_par' dir='ltr' id='par_1_2' title="bbox 248 816 683 891">
     <span class='ocr_line' id='line_1_2' title="bbox 248 816 683 891; baseline -0.009 -12"><span class='ocrx_word' id='word_1_7' title='bbox 248 820 313 879; x_wconf 39' lang='lat'><strong>12,</strong></span> <span class='ocrx_word' id='word_1_8' title='bbox 333 817 432 891; x_wconf 84' lang='lat' dir='ltr'><strong>Magni</strong></span> <span class='ocrx_word' id='word_1_9' title='bbox 451 816 507 875; x_wconf 90' lang='lat' dir='ltr'><strong>Dei</strong></span> <span class='ocrx_word' id='word_1_10' title='bbox 528 817 683 876; x_wconf 90' lang='lat' dir='ltr'><strong>virtutibus</strong></span> 
     </span>
    </p>
   </div>
   <div class='ocr_carea' id='block_1_3' title="bbox 325 903 762 1826">
    <p class='ocr_par' dir='ltr' id='par_1_3' title="bbox 325 903 762 1826">
     <span class='ocr_line' id='line_1_3' title="bbox 335 903 668 979; baseline -0.009 -15"><span class='ocrx_word' id='word_1_11' title='bbox 335 903 520 979; x_wconf 86' lang='lat' dir='ltr'><strong>Appenditur</strong></span> <span class='ocrx_word' id='word_1_12' title='bbox 543 903 668 961; x_wconf 88' lang='lat' dir='ltr'><strong>dialibus</strong></span> 
     </span>
     <span class='ocr_line' id='line_1_4' title="bbox 334 989 762 1050; baseline -0.009 -1"><span class='ocrx_word' id='word_1_13' title='bbox 334 990 445 1050; x_wconf 84' lang='lat' dir='ltr'><strong>Globus</strong></span> <span class='ocrx_word' id='word_1_14' title='bbox 467 994 564 1048; x_wconf 90' lang='lat' dir='ltr'><strong>terrae</strong></span> <span class='ocrx_word' id='word_1_15' title='bbox 586 996 615 1046; x_wconf 87' lang='lat' dir='ltr'><strong>et</strong></span> <span class='ocrx_word' id='word_1_16' title='bbox 638 989 762 1047; x_wconf 91' lang='lat' dir='ltr'><strong>circulus</strong></span> 
     </span>
     <span class='ocr_line' id='line_1_5' title="bbox 334 1076 725 1151; baseline -0.005 -17"><span class='ocrx_word' id='word_1_17' title='bbox 334 1076 450 1151; x_wconf 82' lang='lat' dir='ltr'><strong>Abyssa</strong></span> <span class='ocrx_word' id='word_1_18' title='bbox 474 1091 592 1147; x_wconf 83' lang='lat' dir='ltr'><strong>magnae</strong></span> <span class='ocrx_word' id='word_1_19' title='bbox 614 1076 725 1133; x_wconf 91' lang='lat' dir='ltr'><strong>inditus</strong></span> 
     </span>
     <span class='ocr_line' id='line_1_6' title="bbox 334 1160 666 1235; baseline -0.003 -16"><span class='ocrx_word' id='word_1_20' title='bbox 334 1161 457 1220; x_wconf 82' lang='lat' dir='ltr'><strong>Suffultu</strong></span> <span class='ocrx_word' id='word_1_21' title='bbox 478 1160 545 1235; x_wconf 90' lang='lat' dir='ltr'><strong>Dei,</strong></span> <span class='ocrx_word' id='word_1_22' title='bbox 567 1162 666 1220; x_wconf 91' lang='lat' dir='ltr'><strong>iduma</strong></span> 
     </span>
     <span class='ocr_line' id='line_1_7' title="bbox 334 1247 674 1322; baseline -0.003 -16"><span class='ocrx_word' id='word_1_23' title='bbox 334 1248 546 1321; x_wconf 79' lang='lat' dir='ltr'><strong>omnipotentis</strong></span> <span class='ocrx_word' id='word_1_24' title='bbox 568 1247 674 1322; x_wconf 90' lang='lat' dir='ltr'><strong>valida,</strong></span> 
     </span>
     <span class='ocr_line' id='line_1_8' title="bbox 333 1332 733 1395; baseline -0.015 0"><span class='ocrx_word' id='word_1_25' title='bbox 333 1332 479 1395; x_wconf 86' lang='lat' dir='ltr'><strong>Columnis</strong></span> <span class='ocrx_word' id='word_1_26' title='bbox 503 1334 581 1391; x_wconf 91' lang='lat' dir='ltr'><strong>velut</strong></span> <span class='ocrx_word' id='word_1_27' title='bbox 603 1332 733 1391; x_wconf 89' lang='lat' dir='ltr'><strong>vectibus</strong></span> 
     </span>
     <span class='ocr_line' id='line_1_9' title="bbox 332 1418 720 1499; baseline -0.005 -22"><span class='ocrx_word' id='word_1_28' title='bbox 332 1419 464 1477; x_wconf 86' lang='lat' dir='ltr'><strong>Eundem</strong></span> <span class='ocrx_word' id='word_1_29' title='bbox 486 1418 720 1499; x_wconf 62' lang='lat' dir='ltr'><strong>sustentantibus,</strong></span> 
     </span>
     <span class='ocr_line' id='line_1_10' title="bbox 335 1504 735 1578; baseline -0.003 -15"><span class='ocrx_word' id='word_1_30' title='bbox 335 1505 541 1564; x_wconf 90' lang='lat' dir='ltr'><strong>Promontoriis</strong></span> <span class='ocrx_word' id='word_1_31' title='bbox 564 1511 593 1561; x_wconf 92' lang='lat' dir='ltr'><strong>et</strong></span> <span class='ocrx_word' id='word_1_32' title='bbox 615 1504 735 1578; x_wconf 81' lang='lat' dir='ltr'>rupibus</span> 
     </span>
     <span class='ocr_line' id='line_1_11' title="bbox 333 1588 679 1649; baseline 0 0"><span class='ocrx_word' id='word_1_33' title='bbox 333 1591 440 1649; x_wconf 80' lang='lat' dir='ltr'><strong>Solidis</strong></span> <span class='ocrx_word' id='word_1_34' title='bbox 464 1588 679 1649; x_wconf 82' lang='lat' dir='ltr'><strong>fundaminibus</strong></span> 
     </span>
     <span class='ocr_line' id='line_1_12' title="bbox 325 1676 752 1750; baseline -0.002 -16"><span class='ocrx_word' id='word_1_35' title='bbox 325 1678 420 1735; x_wconf 81' lang='lat' dir='ltr'><strong>‘Velut</strong></span> <span class='ocrx_word' id='word_1_36' title='bbox 441 1676 611 1750; x_wconf 91' lang='lat' dir='ltr'><strong>quibusdam</strong></span> <span class='ocrx_word' id='word_1_37' title='bbox 635 1676 752 1735; x_wconf 87' lang='lat' dir='ltr'><strong>basibus</strong></span> 
     </span>
     <span class='ocr_line' id='line_1_13' title="bbox 333 1762 705 1826; baseline -0.003 -6"><span class='ocrx_word' id='word_1_38' title='bbox 333 1763 480 1821; x_wconf 86' lang='lat' dir='ltr'><strong>Firmatus</strong></span> <span class='ocrx_word' id='word_1_39' title='bbox 501 1762 705 1826; x_wconf 77' lang='lat' dir='ltr'><strong>immobilibus,</strong></span> 
     </span>
    </p>
   </div>
   <div class='ocr_carea' id='block_1_4' title="bbox 292 1999 775 2762">
    <p class='ocr_par' dir='ltr' id='par_1_4' title="bbox 292 1999 693 2061">
     <span class='ocr_line' id='line_1_14' title="bbox 292 1999 693 2061; baseline -0.007 0"><span class='ocrx_word' id='word_1_40' title='bbox 292 2047 299 2061; x_wconf 93' lang='lat'><strong>.</strong></span> <span class='ocrx_word' id='word_1_41' title='bbox 333 1999 416 2061; x_wconf 87' lang='lat' dir='ltr'><strong>Nulli</strong></span> <span class='ocrx_word' id='word_1_42' title='bbox 438 2003 554 2059; x_wconf 91' lang='lat' dir='ltr'><strong>videtur</strong></span> <span class='ocrx_word' id='word_1_43' title='bbox 575 2001 693 2060; x_wconf 93' lang='lat' dir='ltr'><strong>dubium</strong></span> 
     </span>
    </p>

    <p class='ocr_par' dir='ltr' id='par_1_5' title="bbox 330 2085 775 2762">
     <span class='ocr_line' id='line_1_15' title="bbox 332 2085 712 2162; baseline -0.003 -17"><span class='ocrx_word' id='word_1_44' title='bbox 332 2088 366 2145; x_wconf 94' lang='lat' dir='ltr'><strong>Iu</strong></span> <span class='ocrx_word' id='word_1_45' title='bbox 389 2087 453 2144; x_wconf 92' lang='lat' dir='ltr'><strong>imis</strong></span> <span class='ocrx_word' id='word_1_46' title='bbox 476 2104 538 2145; x_wconf 88' lang='lat' dir='ltr'><strong>esse</strong></span> <span class='ocrx_word' id='word_1_47' title='bbox 560 2085 712 2162; x_wconf 87' lang='lat' dir='ltr'><strong>infernum,</strong></span> 
     </span>
     <span class='ocr_line' id='line_1_16' title="bbox 332 2172 723 2248; baseline -0.01 -15"><span class='ocrx_word' id='word_1_48' title='bbox 332 2173 390 2233; x_wconf 93' lang='lat' dir='ltr'><strong>Ubi</strong></span> <span class='ocrx_word' id='word_1_49' title='bbox 411 2173 555 2233; x_wconf 82' lang='lat' dir='ltr'><strong>habentur</strong></span> <span class='ocrx_word' id='word_1_50' title='bbox 576 2172 723 2248; x_wconf 81' lang='lat' dir='ltr'><strong>tenebrae,</strong></span> 
     </span>
     <span class='ocr_line' id='line_1_17' title="bbox 332 2259 745 2337; baseline -0.002 -21"><span class='ocrx_word' id='word_1_51' title='bbox 332 2259 450 2317; x_wconf 89' lang='lat' dir='ltr'><strong>Vermes</strong></span> <span class='ocrx_word' id='word_1_52' title='bbox 472 2264 502 2316; x_wconf 91' lang='lat' dir='ltr'><strong>et</strong></span> <span class='ocrx_word' id='word_1_53' title='bbox 525 2260 605 2319; x_wconf 91' lang='lat' dir='ltr'><strong>dirae</strong></span> <span class='ocrx_word' id='word_1_54' title='bbox 628 2259 745 2337; x_wconf 90' lang='lat' dir='ltr'><strong>bestiae,</strong></span> 
     </span>
     <span class='ocr_line' id='line_1_18' title="bbox 332 2344 686 2422; baseline -0.006 -18"><span class='ocrx_word' id='word_1_55' title='bbox 332 2344 391 2404; x_wconf 89' lang='lat' dir='ltr'><strong>Ubi</strong></span> <span class='ocrx_word' id='word_1_56' title='bbox 412 2345 489 2422; x_wconf 82' lang='lat' dir='ltr'><strong>ignis</strong></span> <span class='ocrx_word' id='word_1_57' title='bbox 512 2346 686 2418; x_wconf 90' lang='lat' dir='ltr'><strong>sulphureus</strong></span> 
     </span>
     <span class='ocr_line' id='line_1_19' title="bbox 331 2428 760 2509; baseline 0.002 -22"><span class='ocrx_word' id='word_1_58' title='bbox 331 2431 447 2490; x_wconf 79' lang='lat' dir='ltr'><strong>Arduus</strong></span> <span class='ocrx_word' id='word_1_59' title='bbox 468 2428 591 2492; x_wconf 90' lang='lat' dir='ltr'><strong>flammis</strong></span> <span class='ocrx_word' id='word_1_60' title='bbox 613 2431 760 2509; x_wconf 82' lang='lat' dir='ltr'><strong>edacibus,</strong></span> 
     </span>
     <span class='ocr_line' id='line_1_20' title="bbox 331 2515 701 2591; baseline -0.005 -14"><span class='ocrx_word' id='word_1_61' title='bbox 331 2515 391 2577; x_wconf 94' lang='lat' dir='ltr'><strong>Ubi</strong></span> <span class='ocrx_word' id='word_1_62' title='bbox 413 2518 523 2591; x_wconf 85' lang='lat' dir='ltr'><strong>rugitus</strong></span> <span class='ocrx_word' id='word_1_63' title='bbox 546 2517 701 2591; x_wconf 90' lang='lat' dir='ltr'><strong>homiuum,</strong></span> 
     </span>
     <span class='ocr_line' id='line_1_21' title="bbox 330 2603 775 2676; baseline -0.002 -15"><span class='ocrx_word' id='word_1_64' title='bbox 330 2603 431 2661; x_wconf 81' lang='lat' dir='ltr'><strong>Fletus</strong></span> <span class='ocrx_word' id='word_1_65' title='bbox 454 2609 483 2660; x_wconf 94' lang='lat' dir='ltr'><strong>et</strong></span> <span class='ocrx_word' id='word_1_66' title='bbox 505 2603 614 2662; x_wconf 89' lang='lat' dir='ltr'><strong>stridor</strong></span> <span class='ocrx_word' id='word_1_67' title='bbox 637 2603 775 2676; x_wconf 90' lang='lat' dir='ltr'><strong>dentium,</strong></span> 
     </span>
     <span class='ocr_line' id='line_1_22' title="bbox 330 2688 708 2762; baseline 0 -15"><span class='ocrx_word' id='word_1_68' title='bbox 330 2688 388 2747; x_wconf 91' lang='lat' dir='ltr'><strong>Ubi</strong></span> <span class='ocrx_word' id='word_1_69' title='bbox 411 2688 566 2748; x_wconf 86' lang='lat' dir='ltr'><strong>Gehennae</strong></span> <span class='ocrx_word' id='word_1_70' title='bbox 588 2690 708 2762; x_wconf 80' lang='lat' dir='ltr'><strong>gemitus</strong></span> 
     </span>
    </p>
   </div>
   <div class='ocr_carea' id='block_1_5' title="bbox 329 2759 732 3021">
    <p class='ocr_par' dir='ltr' id='par_1_6' title="bbox 329 2759 732 3021">
     <span class='ocr_line' id='line_1_23' title="bbox 330 2759 699 2853; baseline 0.005 -21"><span class='ocrx_word' id='word_1_71' title='bbox 330 2759 483 2833; x_wconf 84' lang='lat' dir='ltr'><strong>Terribilis</strong></span> <span class='ocrx_word' id='word_1_72' title='bbox 505 2782 534 2833; x_wconf 90' lang='lat' dir='ltr'><strong>et</strong></span> <span class='ocrx_word' id='word_1_73' title='bbox 556 2778 699 2853; x_wconf 90' lang='lat' dir='ltr'><strong>antiquus,</strong></span> 
     </span>
     <span class='ocr_line' id='line_1_24' title="bbox 330 2859 722 2935; baseline 0.003 -16"><span class='ocrx_word' id='word_1_74' title='bbox 330 2860 390 2919; x_wconf 94' lang='lat' dir='ltr'><strong>Ubi</strong></span> <span class='ocrx_word' id='word_1_75' title='bbox 412 2861 502 2919; x_wconf 92' lang='lat' dir='ltr'><strong>ardor</strong></span> <span class='ocrx_word' id='word_1_76' title='bbox 521 2859 722 2935; x_wconf 88' lang='lat' dir='ltr'><strong>flammaticus,</strong></span> 
     </span>
     <span class='ocr_line' id='line_1_25' title="bbox 329 2944 732 3021; baseline 0.005 -17"><span class='ocrx_word' id='word_1_77' title='bbox 329 2946 399 3004; x_wconf 90' lang='lat' dir='ltr'><strong>Sitis</strong></span> <span class='ocrx_word' id='word_1_78' title='bbox 422 2944 562 3021; x_wconf 86' lang='lat' dir='ltr'><strong>famisque</strong></span> <span class='ocrx_word' id='word_1_79' title='bbox 585 2949 732 3007; x_wconf 89' lang='lat' dir='ltr'><strong>horridus.</strong></span> 
     </span>
    </p>
   </div>
   <div class='ocr_carea' id='block_1_6' title="bbox 286 3166 795 4186">
    <p class='ocr_par' dir='ltr' id='par_1_7' title="bbox 286 3166 795 4186">
     <span class='ocr_line' id='line_1_26' title="bbox 286 3166 753 3244; baseline -0.004 -14"><span class='ocrx_word' id='word_1_80' title='bbox 286 3216 293 3230; x_wconf 90' lang='lat'><em>.</em></span> <span class='ocrx_word' id='word_1_81' title='bbox 330 3166 437 3228; x_wconf 83' lang='lat' dir='ltr'><strong>Urbem</strong></span> <span class='ocrx_word' id='word_1_82' title='bbox 460 3167 545 3244; x_wconf 86' lang='lat' dir='ltr'><strong>infra,</strong></span> <span class='ocrx_word' id='word_1_83' title='bbox 569 3176 601 3227; x_wconf 92' lang='lat' dir='ltr'><strong>ut</strong></span> <span class='ocrx_word' id='word_1_84' title='bbox 622 3172 753 3244; x_wconf 89' lang='lat' dir='ltr'><strong>legimus,</strong></span> 
     </span>
     <span class='ocr_line' id='line_1_27' title="bbox 329 3257 692 3331; baseline -0.003 -16"><span class='ocrx_word' id='word_1_85' title='bbox 329 3257 443 3315; x_wconf 80' lang='lat' dir='ltr'><strong>Insulas</strong></span> <span class='ocrx_word' id='word_1_86' title='bbox 468 3272 530 3313; x_wconf 91' lang='lat' dir='ltr'><strong>esse</strong></span> <span class='ocrx_word' id='word_1_87' title='bbox 553 3257 692 3331; x_wconf 91' lang='lat' dir='ltr'><strong>novimus,</strong></span> 
     </span>
     <span class='ocr_line' id='line_1_28' title="bbox 329 3343 706 3416; baseline 0.005 -18"><span class='ocrx_word' id='word_1_88' title='bbox 329 3343 454 3414; x_wconf 80' lang='lat' dir='ltr'><strong>Quorum</strong></span> <span class='ocrx_word' id='word_1_89' title='bbox 478 3357 552 3416; x_wconf 90' lang='lat' dir='ltr'><strong>genu</strong></span> <span class='ocrx_word' id='word_1_90' title='bbox 574 3344 706 3415; x_wconf 88' lang='lat' dir='ltr'><strong>precario</strong></span> 
     </span>
     <span class='ocr_line' id='line_1_29' title="bbox 329 3426 777 3504; baseline 0.004 -20"><span class='ocrx_word' id='word_1_91' title='bbox 329 3426 510 3499; x_wconf 83' lang='lat' dir='ltr'><strong>Frequenter</strong></span> <span class='ocrx_word' id='word_1_92' title='bbox 531 3426 623 3485; x_wconf 89' lang='lat' dir='ltr'><strong>flectit</strong></span> <span class='ocrx_word' id='word_1_93' title='bbox 643 3428 777 3504; x_wconf 88' lang='lat' dir='ltr'><strong>Domino,</strong></span> 
     </span>
     <span class='ocr_line' id='line_1_30' title="bbox 330 3512 694 3587; baseline 0 -17"><span class='ocrx_word' id='word_1_94' title='bbox 330 3512 495 3586; x_wconf 80' lang='lat' dir='ltr'><strong>Quibusque</strong></span> <span class='ocrx_word' id='word_1_95' title='bbox 516 3513 694 3587; x_wconf 90' lang='lat' dir='ltr'><strong>impossibile</strong></span> 
     </span>
     <span class='ocr_line' id='line_1_31' title="bbox 328 3597 781 3672; baseline 0.007 -18"><span class='ocrx_word' id='word_1_96' title='bbox 328 3597 447 3656; x_wconf 89' lang='lat' dir='ltr'><strong>Libmm</strong></span> <span class='ocrx_word' id='word_1_97' title='bbox 471 3600 609 3672; x_wconf 90' lang='lat' dir='ltr'><strong>scriptum</strong></span> <span class='ocrx_word' id='word_1_98' title='bbox 633 3600 781 3658; x_wconf 86' lang='lat' dir='ltr'><strong>revolvere</strong></span> 
     </span>
     <span class='ocr_line' id='line_1_32' title="bbox 329 3682 695 3758; baseline -0.003 -16"><span class='ocrx_word' id='word_1_99' title='bbox 329 3682 518 3756; x_wconf 88' lang='lat' dir='ltr'><strong>Obsignatum</strong></span> <span class='ocrx_word' id='word_1_100' title='bbox 541 3686 695 3758; x_wconf 81' lang='lat' dir='ltr'><strong>signaculis</strong></span> 
     </span>
     <span class='ocr_line' id='line_1_33' title="bbox 327 3767 795 3841; baseline 0.004 -15"><span class='ocrx_word' id='word_1_101' title='bbox 327 3767 442 3841; x_wconf 85' lang='lat' dir='ltr'><strong>Septem</strong></span> <span class='ocrx_word' id='word_1_102' title='bbox 477 3771 513 3829; x_wconf 90' lang='lat' dir='ltr'><strong>de</strong></span> <span class='ocrx_word' id='word_1_103' title='bbox 543 3771 651 3829; x_wconf 83' lang='lat' dir='ltr'><strong>Christi</strong></span> <span class='ocrx_word' id='word_1_104' title='bbox 680 3772 795 3829; x_wconf 89' lang='lat' dir='ltr'><strong>monitis</strong></span> 
     </span>
     <span class='ocr_line' id='line_1_34' title="bbox 326 3855 745 3932; baseline 0.005 -21"><span class='ocrx_word' id='word_1_105' title='bbox 326 3855 414 3927; x_wconf 82' lang='lat' dir='ltr'><strong>Quem</strong></span> <span class='ocrx_word' id='word_1_106' title='bbox 437 3856 515 3914; x_wconf 92' lang='lat' dir='ltr'><strong>idem</strong></span> <span class='ocrx_word' id='word_1_107' title='bbox 539 3857 745 3932; x_wconf 75' lang='lat' dir='ltr'><strong>resignaverat,</strong></span> 
     </span>
     <span class='ocr_line' id='line_1_35' title="bbox 328 3941 774 4012; baseline 0.007 -15"><span class='ocrx_word' id='word_1_108' title='bbox 328 3941 482 4012; x_wconf 89' lang='lat' dir='ltr'><strong>Postquam</strong></span> <span class='ocrx_word' id='word_1_109' title='bbox 506 3942 600 4000; x_wconf 90' lang='lat' dir='ltr'><strong>victor</strong></span> <span class='ocrx_word' id='word_1_110' title='bbox 621 3943 774 4000; x_wconf 87' lang='lat' dir='ltr'><strong>exstiterat</strong></span> 
     </span>
     <span class='ocr_line' id='line_1_36' title="bbox 327 4024 748 4100; baseline 0.01 -19"><span class='ocrx_word' id='word_1_111' title='bbox 327 4024 457 4098; x_wconf 86' lang='lat' dir='ltr'><strong>Expleus</strong></span> <span class='ocrx_word' id='word_1_112' title='bbox 481 4029 525 4085; x_wconf 91' lang='lat' dir='ltr'><strong>sui</strong></span> <span class='ocrx_word' id='word_1_113' title='bbox 547 4029 748 4100; x_wconf 86' lang='lat' dir='ltr'><strong>praesagmina</strong></span> 
     </span>
     <span class='ocr_line' id='line_1_37' title="bbox 327 4112 693 4186; baseline 0.011 -18"><span class='ocrx_word' id='word_1_114' title='bbox 327 4112 478 4170; x_wconf 84' lang='lat' dir='ltr'><strong>Adventus</strong></span> <span class='ocrx_word' id='word_1_115' title='bbox 501 4114 693 4186; x_wconf 89' lang='lat' dir='ltr'><strong>prophetalia.</strong></span> 
     </span>
    </p>
   </div>
   <div class='ocr_carea' id='block_1_7' title="bbox 283 4332 761 4839">
    <p class='ocr_par' dir='ltr' id='par_1_8' title="bbox 283 4332 761 4839">
     <span class='ocr_line' id='line_1_38' title="bbox 283 4332 703 4404; baseline 0.002 -11"><span class='ocrx_word' id='word_1_116' title='bbox 283 4379 291 4393; x_wconf 87' lang='lat'><strong>.</strong></span> <span class='ocrx_word' id='word_1_117' title='bbox 326 4332 494 4394; x_wconf 91' lang='lat' dir='ltr'><strong>Plantatum</strong></span> <span class='ocrx_word' id='word_1_118' title='bbox 518 4350 535 4390; x_wconf 93' lang='lat' dir='ltr'><strong>a</strong></span> <span class='ocrx_word' id='word_1_119' title='bbox 557 4337 703 4404; x_wconf 87' lang='lat' dir='ltr'><strong>prooemio</strong></span> 
     </span>
     <span class='ocr_line' id='line_1_39' title="bbox 325 4419 677 4480; baseline -0.003 -1"><span class='ocrx_word' id='word_1_120' title='bbox 325 4421 494 4480; x_wconf 86' lang='lat' dir='ltr'><strong>Paradisum</strong></span> <span class='ocrx_word' id='word_1_121' title='bbox 517 4436 534 4476; x_wconf 93' lang='lat' dir='ltr'><strong>a</strong></span> <span class='ocrx_word' id='word_1_122' title='bbox 555 4419 677 4478; x_wconf 89' lang='lat' dir='ltr'><strong>Domino</strong></span> 
     </span>
     <span class='ocr_line' id='line_1_40' title="bbox 326 4506 695 4580; baseline -0.005 -14"><span class='ocrx_word' id='word_1_123' title='bbox 326 4507 462 4580; x_wconf 89' lang='lat' dir='ltr'><strong>Legimus</strong></span> <span class='ocrx_word' id='word_1_124' title='bbox 483 4507 513 4563; x_wconf 92' lang='lat' dir='ltr'><strong>in</strong></span> <span class='ocrx_word' id='word_1_125' title='bbox 535 4506 695 4577; x_wconf 90' lang='lat' dir='ltr'><strong>primordio</strong></span> 
     </span>
     <span class='ocr_line' id='line_1_41' title="bbox 327 4590 656 4670; baseline 0.003 -21"><span class='ocrx_word' id='word_1_126' title='bbox 327 4591 447 4650; x_wconf 82' lang='lat' dir='ltr'><strong>Genesis</strong></span> <span class='ocrx_word' id='word_1_127' title='bbox 469 4590 656 4670; x_wconf 92' lang='lat' dir='ltr'><strong>nobilissimo,</strong></span> 
     </span>
     <span class='ocr_line' id='line_1_42' title="bbox 326 4675 713 4754; baseline 0.016 -22"><span class='ocrx_word' id='word_1_128' title='bbox 326 4677 413 4754; x_wconf 73' lang='lat' dir='ltr'><strong>(iuius</strong></span> <span class='ocrx_word' id='word_1_129' title='bbox 436 4693 471 4734; x_wconf 84' lang='lat' dir='ltr'><strong>ex</strong></span> <span class='ocrx_word' id='word_1_130' title='bbox 494 4675 574 4735; x_wconf 84' lang='lat' dir='ltr'><strong>fonte</strong></span> <span class='ocrx_word' id='word_1_131' title='bbox 596 4676 713 4738; x_wconf 90' lang='lat' dir='ltr'><strong>flumina</strong></span> 
     </span>
     <span class='ocr_line' id='line_1_43' title="bbox 325 4763 761 4839; baseline 0.011 -18"><span class='ocrx_word' id='word_1_132' title='bbox 325 4763 467 4834; x_wconf 80' lang='lat' dir='ltr'><strong>Quattuor</strong></span> <span class='ocrx_word' id='word_1_133' title='bbox 488 4770 555 4821; x_wconf 92' lang='lat' dir='ltr'><strong>sunt</strong></span> <span class='ocrx_word' id='word_1_134' title='bbox 577 4767 733 4839; x_wconf 87' lang='lat' dir='ltr'><strong>manantia,</strong></span> <span class='ocrx_word' id='word_1_135' title='bbox 759 4773 761 4776; x_wconf 80' lang='grc'><strong>’</strong></span> 
     </span>
    </p>
   </div>
   <div class='ocr_carea' id='block_1_8' title="bbox 797 3816 908 3884">
    <p class='ocr_par' dir='ltr' id='par_1_9' title="bbox 797 3816 908 3884">
     <span class='ocr_line' id='line_1_44' title="bbox 797 3816 908 3884; baseline 0.018 -2"><span class='ocrx_word' id='word_1_136' title='bbox 797 3816 804 3849; x_wconf 82' lang='lat'>²</span> <span class='ocrx_word' id='word_1_137' title='bbox 859 3825 908 3884; x_wconf 90' lang='lat'><strong>18.</strong></span> 
     </span>
    </p>
   </div>
   <div class='ocr_carea' id='block_1_9' title="bbox 948 814 1350 1148">
    <p class='ocr_par' dir='ltr' id='par_1_10' title="bbox 948 814 1350 1148">
     <span class='ocr_line' id='line_1_45' title="bbox 948 814 1317 877; baseline -0.005 0"><span class='ocrx_word' id='word_1_138' title='bbox 948 817 1036 877; x_wconf 87' lang='lat' dir='ltr'><strong>Cuius</strong></span> <span class='ocrx_word' id='word_1_139' title='bbox 1058 818 1146 875; x_wconf 89' lang='lat' dir='ltr'><strong>etiam</strong></span> <span class='ocrx_word' id='word_1_140' title='bbox 1168 814 1274 876; x_wconf 90' lang='lat' dir='ltr'><strong>florido</strong></span> <span class='ocrx_word' id='word_1_141' title='bbox 1315 851 1317 855; x_wconf 93' lang='lat'><em>-</em></span> 
     </span>
     <span class='ocr_line' id='line_1_46' title="bbox 948 902 1350 977; baseline 0 -16"><span class='ocrx_word' id='word_1_142' title='bbox 948 904 1071 977; x_wconf 89' lang='lat' dir='ltr'><strong>Lignum</strong></span> <span class='ocrx_word' id='word_1_143' title='bbox 1093 904 1170 961; x_wconf 90' lang='lat' dir='ltr'><strong>vitae</strong></span> <span class='ocrx_word' id='word_1_144' title='bbox 1192 904 1223 961; x_wconf 93' lang='lat' dir='ltr'><strong>in</strong></span> <span class='ocrx_word' id='word_1_145' title='bbox 1245 902 1350 973; x_wconf 80' lang='lat' dir='ltr'><strong>medio,</strong></span> 
     </span>
     <span class='ocr_line' id='line_1_47' title="bbox 948 986 1335 1048; baseline -0.005 -1"><span class='ocrx_word' id='word_1_146' title='bbox 948 990 1035 1047; x_wconf 84' lang='lat' dir='ltr'><strong>Cuius</strong></span> <span class='ocrx_word' id='word_1_147' title='bbox 1057 1006 1115 1048; x_wconf 94' lang='lat' dir='ltr'><strong>uon</strong></span> <span class='ocrx_word' id='word_1_148' title='bbox 1137 989 1243 1048; x_wconf 88' lang='lat' dir='ltr'><strong>eadunt</strong></span> <span class='ocrx_word' id='word_1_149' title='bbox 1264 986 1335 1047; x_wconf 90' lang='lat' dir='ltr'><strong>folia</strong></span> 
     </span>
     <span class='ocr_line' id='line_1_48' title="bbox 949 1073 1272 1148; baseline -0.009 -14"><span class='ocrx_word' id='word_1_150' title='bbox 949 1074 1089 1134; x_wconf 85' lang='lat' dir='ltr'><strong>Gentibus</strong></span> <span class='ocrx_word' id='word_1_151' title='bbox 1111 1073 1272 1148; x_wconf 84' lang='lat' dir='ltr'><strong>salutifera,</strong></span> 
     </span>
    </p>
   </div>
   <div class='ocr_carea' id='block_1_10' title="bbox 873 1160 1269 1226">
    <p class='ocr_par' dir='ltr' id='par_1_11' title="bbox 873 1160 1269 1226">
     <span class='ocr_line' id='line_1_49' title="bbox 873 1160 1269 1226; baseline -0.008 -6"><span class='ocrx_word' id='word_1_152' title='bbox 873 1221 876 1226; x_wconf 79' lang='grc'><em>,</em></span> <span class='ocrx_word' id='word_1_153' title='bbox 949 1161 1038 1220; x_wconf 82' lang='lat' dir='ltr'><strong>Cuius</strong></span> <span class='ocrx_word' id='word_1_154' title='bbox 1059 1160 1269 1219; x_wconf 88' lang='lat' dir='ltr'><strong>inenarrabiles</strong></span> 
     </span>
    </p>
   </div>
   <div class='ocr_carea' id='block_1_11' title="bbox 948 1246 1281 1336">
    <p class='ocr_par' dir='ltr' id='par_1_12' title="bbox 948 1246 1281 1336">
     <span class='ocr_line' id='line_1_50' title="bbox 948 1246 1281 1336; baseline 0.009 -31"><span class='ocrx_word' id='word_1_155' title='bbox 948 1247 1080 1305; x_wconf 85' lang='lat' dir='ltr'><strong>Deliciae</strong></span> <span class='ocrx_word' id='word_1_156' title='bbox 1101 1263 1136 1305; x_wconf 91' lang='lat' dir='ltr'><strong>ao</strong></span> <span class='ocrx_word' id='word_1_157' title='bbox 1158 1246 1281 1336; x_wconf 82' lang='lat' dir='ltr'><strong>fertiles.</strong></span> 
     </span>
    </p>
   </div>
   <div class='ocr_carea' id='block_1_12' title="bbox 906 1484 1405 1565">
    <p class='ocr_par' dir='ltr' id='par_1_13' title="bbox 906 1484 1405 1565">
     <span class='ocr_line' id='line_1_51' title="bbox 906 1484 1405 1565; baseline -0.002 -19"><span class='ocrx_word' id='word_1_158' title='bbox 906 1532 914 1546; x_wconf 89' lang='lat'><strong>.</strong></span> <span class='ocrx_word' id='word_1_159' title='bbox 949 1484 1019 1565; x_wconf 73' lang='lat' dir='ltr'><strong>Quis</strong></span> <span class='ocrx_word' id='word_1_160' title='bbox 1042 1486 1080 1545; x_wconf 88' lang='lat' dir='ltr'><strong>ad</strong></span> <span class='ocrx_word' id='word_1_161' title='bbox 1104 1487 1266 1545; x_wconf 90' lang='lat' dir='ltr'><strong>condictum</strong></span> <span class='ocrx_word' id='word_1_162' title='bbox 1290 1487 1405 1545; x_wconf 91' lang='lat' dir='ltr'><strong>Domini</strong></span> 
     </span>
    </p>
   </div>
   <div class='ocr_carea' id='block_1_13' title="bbox 947 1572 1409 2405">
    <p class='ocr_par' dir='ltr' id='par_1_14' title="bbox 947 1572 1409 1975">
     <span class='ocr_line' id='line_1_52' title="bbox 947 1572 1354 1634; baseline -0.002 -4"><span class='ocrx_word' id='word_1_163' title='bbox 947 1572 1077 1630; x_wconf 87' lang='lat' dir='ltr'><strong>Moutem</strong></span> <span class='ocrx_word' id='word_1_164' title='bbox 1100 1573 1230 1632; x_wconf 90' lang='lat' dir='ltr'><strong>ascendit</strong></span> <span class='ocrx_word' id='word_1_165' title='bbox 1252 1572 1354 1634; x_wconf 77' lang='lat' dir='ltr'><strong>Sinai?</strong></span> 
     </span>
     <span class='ocr_line' id='line_1_53' title="bbox 948 1658 1304 1730; baseline 0.003 -15"><span class='ocrx_word' id='word_1_166' title='bbox 948 1658 1017 1730; x_wconf 81' lang='lat' dir='ltr'><strong>Quis</strong></span> <span class='ocrx_word' id='word_1_167' title='bbox 1040 1658 1154 1718; x_wconf 89' lang='lat' dir='ltr'><strong>audivit</strong></span> <span class='ocrx_word' id='word_1_168' title='bbox 1177 1659 1304 1717; x_wconf 90' lang='lat' dir='ltr'><strong>tonitrua</strong></span> 
     </span>
     <span class='ocr_line' id='line_1_54' title="bbox 948 1744 1336 1818; baseline 0 -15"><span class='ocrx_word' id='word_1_169' title='bbox 948 1744 1035 1803; x_wconf 89' lang='lat' dir='ltr'><strong>Ultra</strong></span> <span class='ocrx_word' id='word_1_170' title='bbox 1056 1747 1172 1805; x_wconf 90' lang='lat' dir='ltr'><strong>modum</strong></span> <span class='ocrx_word' id='word_1_171' title='bbox 1194 1746 1336 1818; x_wconf 90' lang='lat' dir='ltr'><strong>sonantia,</strong></span> 
     </span>
     <span class='ocr_line' id='line_1_55' title="bbox 947 1829 1409 1904; baseline 0.002 -18"><span class='ocrx_word' id='word_1_172' title='bbox 947 1829 1016 1899; x_wconf 80' lang='lat' dir='ltr'><strong>Quis</strong></span> <span class='ocrx_word' id='word_1_173' title='bbox 1040 1831 1201 1904; x_wconf 89' lang='lat' dir='ltr'><strong>clangorem</strong></span> <span class='ocrx_word' id='word_1_174' title='bbox 1226 1839 1409 1904; x_wconf 87' lang='lat' dir='ltr'><strong>perstrepere</strong></span> 
     </span>
     <span class='ocr_line' id='line_1_56' title="bbox 948 1915 1308 1975; baseline 0 -3"><span class='ocrx_word' id='word_1_175' title='bbox 948 1915 1126 1974; x_wconf 87' lang='lat' dir='ltr'><strong>Iuormitatis</strong></span> <span class='ocrx_word' id='word_1_176' title='bbox 1149 1915 1308 1975; x_wconf 82' lang='lat' dir='ltr'><strong>buccinae?</strong></span> 
     </span>
    </p>

    <p class='ocr_par' dir='ltr' id='par_1_15' title="bbox 948 2000 1383 2161">
     <span class='ocr_line' id='line_1_57' title="bbox 948 2000 1383 2075; baseline 0.007 -18"><span class='ocrx_word' id='word_1_177' title='bbox 948 2000 1017 2072; x_wconf 80' lang='lat' dir='ltr'><strong>Quis</strong></span> <span class='ocrx_word' id='word_1_178' title='bbox 1039 2018 1152 2075; x_wconf 88' lang='lat' dir='ltr'><strong>quoque</strong></span> <span class='ocrx_word' id='word_1_179' title='bbox 1175 2001 1248 2062; x_wconf 91' lang='lat' dir='ltr'><strong>vidit</strong></span> <span class='ocrx_word' id='word_1_180' title='bbox 1269 2000 1383 2074; x_wconf 83' lang='lat' dir='ltr'><strong>fulgura</strong></span> 
     </span>
     <span class='ocr_line' id='line_1_58' title="bbox 948 2088 1290 2161; baseline 0.003 -17"><span class='ocrx_word' id='word_1_181' title='bbox 948 2088 983 2145; x_wconf 94' lang='lat' dir='ltr'><strong>In</strong></span> <span class='ocrx_word' id='word_1_182' title='bbox 1004 2104 1076 2161; x_wconf 86' lang='lat' dir='ltr'><strong>gyro</strong></span> <span class='ocrx_word' id='word_1_183' title='bbox 1099 2089 1290 2160; x_wconf 76' lang='lat' dir='ltr'><strong>commentia,</strong></span> 
     </span>
    </p>

    <p class='ocr_par' dir='ltr' id='par_1_16' title="bbox 947 2173 1358 2405">
     <span class='ocr_line' id='line_1_59' title="bbox 947 2173 1358 2247; baseline 0.007 -18"><span class='ocrx_word' id='word_1_184' title='bbox 947 2173 1018 2245; x_wconf 78' lang='lat' dir='ltr'><strong>Quis</strong></span> <span class='ocrx_word' id='word_1_185' title='bbox 1040 2174 1190 2247; x_wconf 88' lang='lat' dir='ltr'><strong>lampades</strong></span> <span class='ocrx_word' id='word_1_186' title='bbox 1212 2181 1242 2231; x_wconf 92' lang='lat' dir='ltr'><strong>et</strong></span> <span class='ocrx_word' id='word_1_187' title='bbox 1263 2175 1358 2233; x_wconf 90' lang='lat' dir='ltr'><strong>iacula</strong></span> 
     </span>
     <span class='ocr_line' id='line_1_60' title="bbox 948 2258 1273 2332; baseline 0 -15"><span class='ocrx_word' id='word_1_188' title='bbox 948 2258 1081 2332; x_wconf 86' lang='lat' dir='ltr'><strong>Saxaque</strong></span> <span class='ocrx_word' id='word_1_189' title='bbox 1104 2259 1273 2318; x_wconf 89' lang='lat' dir='ltr'><strong>collidentia</strong></span> 
     </span>
     <span class='ocr_line' id='line_1_61' title="bbox 947 2345 1269 2405; baseline -0.003 -2"><span class='ocrx_word' id='word_1_190' title='bbox 947 2345 1070 2403; x_wconf 86' lang='lat' dir='ltr'><strong>Praeter</strong></span> <span class='ocrx_word' id='word_1_191' title='bbox 1092 2346 1269 2405; x_wconf 89' lang='lat' dir='ltr'><strong>israhelitici</strong></span> 
     </span>
    </p>
   </div>
   <div class='ocr_carea' id='block_1_14' title="bbox 938 2414 1363 2505">
    <p class='ocr_par' dir='ltr' id='par_1_17' title="bbox 938 2414 1363 2505">
     <span class='ocr_line' id='line_1_62' title="bbox 938 2414 1363 2505; baseline 0.002 -18"><span class='ocrx_word' id='word_1_192' title='bbox 938 2423 1069 2505; x_wconf 37' lang='lat' dir='ltr'><strong>rMo‘ysen</strong></span> <span class='ocrx_word' id='word_1_193' title='bbox 1091 2433 1217 2492; x_wconf 90' lang='lat' dir='ltr'><strong>iudicem</strong></span> <span class='ocrx_word' id='word_1_194' title='bbox 1240 2414 1363 2505; x_wconf 76' lang='lat' dir='ltr'><strong>popuii?</strong></span> 
     </span>
    </p>
   </div>
   <div class='ocr_carea' id='block_1_15' title="bbox 904 2654 1333 2729">
    <p class='ocr_par' dir='ltr' id='par_1_18' title="bbox 904 2654 1333 2729">
     <span class='ocr_line' id='line_1_63' title="bbox 904 2654 1333 2729; baseline -0.019 -11"><span class='ocrx_word' id='word_1_195' title='bbox 904 2703 911 2718; x_wconf 90' lang='lat'><strong>.</strong></span> <span class='ocrx_word' id='word_1_196' title='bbox 946 2656 1037 2729; x_wconf 86' lang='lat' dir='ltr'><strong>Regis</strong></span> <span class='ocrx_word' id='word_1_197' title='bbox 1060 2670 1158 2727; x_wconf 88' lang='lat' dir='ltr'><strong>regum</strong></span> <span class='ocrx_word' id='word_1_198' title='bbox 1180 2654 1333 2711; x_wconf 91' lang='lat' dir='ltr'><strong>rectissimi</strong></span> 
     </span>
    </p>
   </div>
   <div class='ocr_carea' id='block_1_16' title="bbox 945 2739 1338 3158">
    <p class='ocr_par' dir='ltr' id='par_1_19' title="bbox 945 2739 1338 3158">
     <span class='ocr_line' id='line_1_64' title="bbox 946 2739 1337 2813; baseline -0.005 -13"><span class='ocrx_word' id='word_1_199' title='bbox 946 2742 1041 2813; x_wconf 90' lang='lat' dir='ltr'><strong>Prope</strong></span> <span class='ocrx_word' id='word_1_200' title='bbox 1063 2745 1107 2797; x_wconf 90' lang='lat' dir='ltr'><strong>est</strong></span> <span class='ocrx_word' id='word_1_201' title='bbox 1130 2739 1191 2798; x_wconf 90' lang='lat' dir='ltr'><strong>dies</strong></span> <span class='ocrx_word' id='word_1_202' title='bbox 1212 2740 1337 2812; x_wconf 90' lang='lat' dir='ltr'><strong>Domini,</strong></span> 
     </span>
     <span class='ocr_line' id='line_1_65' title="bbox 945 2827 1330 2902; baseline -0.003 -17"><span class='ocrx_word' id='word_1_203' title='bbox 945 2828 1015 2885; x_wconf 91' lang='lat' dir='ltr'><strong>Dies</strong></span> <span class='ocrx_word' id='word_1_204' title='bbox 1038 2827 1100 2884; x_wconf 89' lang='lat' dir='ltr'><strong>irae</strong></span> <span class='ocrx_word' id='word_1_205' title='bbox 1123 2831 1152 2883; x_wconf 90' lang='lat' dir='ltr'><strong>et</strong></span> <span class='ocrx_word' id='word_1_206' title='bbox 1175 2827 1330 2902; x_wconf 89' lang='lat' dir='ltr'><strong>vindictae,</strong></span> 
     </span>
     <span class='ocr_line' id='line_1_66' title="bbox 945 2911 1338 2971; baseline -0.003 0"><span class='ocrx_word' id='word_1_207' title='bbox 945 2912 1142 2971; x_wconf 90' lang='lat' dir='ltr'><strong>Tenebrarum</strong></span> <span class='ocrx_word' id='word_1_208' title='bbox 1165 2917 1193 2968; x_wconf 94' lang='lat' dir='ltr'><strong>et</strong></span> <span class='ocrx_word' id='word_1_209' title='bbox 1216 2911 1338 2971; x_wconf 91' lang='lat' dir='ltr'><strong>nebulae</strong></span> 
     </span>
     <span class='ocr_line' id='line_1_67' title="bbox 946 2999 1269 3071; baseline 0 -14"><span class='ocrx_word' id='word_1_210' title='bbox 946 3000 1072 3071; x_wconf 90' lang='lat' dir='ltr'><strong>Diesque</strong></span> <span class='ocrx_word' id='word_1_211' title='bbox 1094 2999 1269 3057; x_wconf 90' lang='lat' dir='ltr'><strong>mirabilium</strong></span> 
     </span>
     <span class='ocr_line' id='line_1_68' title="bbox 945 3082 1298 3158; baseline -0.003 -16"><span class='ocrx_word' id='word_1_212' title='bbox 945 3085 1148 3143; x_wconf 89' lang='lat' dir='ltr'><strong>Tonitruomm</strong></span> <span class='ocrx_word' id='word_1_213' title='bbox 1172 3082 1298 3158; x_wconf 83' lang='lat' dir='ltr'><strong>tortium,</strong></span> 
     </span>
    </p>
   </div>
   <div class='ocr_carea' id='block_1_17' title="bbox 848 3171 1327 3247">
    <p class='ocr_par' dir='ltr' id='par_1_20' title="bbox 848 3171 1327 3247">
     <span class='ocr_line' id='line_1_69' title="bbox 848 3171 1327 3247; baseline -0.006 -17"><span class='ocrx_word' id='word_1_214' title='bbox 848 3188 850 3192; x_wconf 75' lang='grc'>’</span> <span class='ocrx_word' id='word_1_215' title='bbox 943 3171 1013 3229; x_wconf 90' lang='lat' dir='ltr'><strong>Dies</strong></span> <span class='ocrx_word' id='word_1_216' title='bbox 1036 3186 1147 3244; x_wconf 91' lang='lat' dir='ltr'><strong>quoque</strong></span> <span class='ocrx_word' id='word_1_217' title='bbox 1169 3171 1327 3247; x_wconf 84' lang='lat' dir='ltr'><strong>augustiae,</strong></span> 
     </span>
    </p>
   </div>
   <div class='ocr_carea' id='block_1_18' title="bbox 943 3257 1370 3672">
    <p class='ocr_par' dir='ltr' id='par_1_21' title="bbox 943 3257 1370 3672">
     <span class='ocr_line' id='line_1_70' title="bbox 944 3257 1328 3335; baseline -0.005 -20"><span class='ocrx_word' id='word_1_218' title='bbox 944 3257 1086 3315; x_wconf 89' lang='lat' dir='ltr'><strong>Maeroris</strong></span> <span class='ocrx_word' id='word_1_219' title='bbox 1118 3273 1153 3314; x_wconf 90' lang='lat' dir='ltr'><strong>ac</strong></span> <span class='ocrx_word' id='word_1_220' title='bbox 1181 3257 1328 3335; x_wconf 67' lang='lat' dir='ltr'><strong>tristitiae,</strong></span> 
     </span>
     <span class='ocr_line' id='line_1_71' title="bbox 944 3342 1370 3414; baseline -0.002 -13"><span class='ocrx_word' id='word_1_221' title='bbox 944 3346 979 3402; x_wconf 94' lang='lat' dir='ltr'><strong>ln</strong></span> <span class='ocrx_word' id='word_1_222' title='bbox 1001 3358 1056 3414; x_wconf 92' lang='lat' dir='ltr'><strong>quo</strong></span> <span class='ocrx_word' id='word_1_223' title='bbox 1080 3342 1205 3400; x_wconf 89' lang='lat' dir='ltr'><strong>cessabit</strong></span> <span class='ocrx_word' id='word_1_224' title='bbox 1220 3345 1370 3401; x_wconf 91' lang='lat' dir='ltr'><strong>mulierum</strong></span> 
     </span>
     <span class='ocr_line' id='line_1_72' title="bbox 943 3428 1290 3487; baseline 0 -1"><span class='ocrx_word' id='word_1_225' title='bbox 943 3430 1035 3486; x_wconf 85' lang='lat' dir='ltr'><strong>Amor</strong></span> <span class='ocrx_word' id='word_1_226' title='bbox 1057 3444 1091 3485; x_wconf 91' lang='lat' dir='ltr'><strong>ae</strong></span> <span class='ocrx_word' id='word_1_227' title='bbox 1115 3428 1290 3487; x_wconf 91' lang='lat' dir='ltr'><strong>desiderium</strong></span> 
     </span>
     <span class='ocr_line' id='line_1_73' title="bbox 944 3514 1320 3586; baseline 0.003 -15"><span class='ocrx_word' id='word_1_228' title='bbox 944 3514 1154 3586; x_wconf 90' lang='lat' dir='ltr'><strong>Hominumque</strong></span> <span class='ocrx_word' id='word_1_229' title='bbox 1177 3515 1320 3572; x_wconf 88' lang='lat' dir='ltr'><strong>contentio</strong></span> 
     </span>
     <span class='ocr_line' id='line_1_74' title="bbox 943 3599 1341 3672; baseline 0.005 -14"><span class='ocrx_word' id='word_1_230' title='bbox 943 3599 1047 3658; x_wconf 88' lang='lat' dir='ltr'><strong>Mundi</strong></span> <span class='ocrx_word' id='word_1_231' title='bbox 1070 3600 1153 3656; x_wconf 89' lang='lat' dir='ltr'><strong>buius</strong></span> <span class='ocrx_word' id='word_1_232' title='bbox 1175 3606 1205 3655; x_wconf 93' lang='lat' dir='ltr'><strong>et</strong></span> <span class='ocrx_word' id='word_1_233' title='bbox 1227 3600 1341 3672; x_wconf 91' lang='lat' dir='ltr'><strong>cupido.</strong></span> 
     </span>
    </p>
   </div>
   <div class='ocr_carea' id='block_1_19' title="bbox 941 3820 1377 4839">
    <p class='ocr_par' dir='ltr' id='par_1_22' title="bbox 941 3820 1377 4504">
     <span class='ocr_line' id='line_1_75' title="bbox 943 3820 1310 3896; baseline -0.003 -15"><span class='ocrx_word' id='word_1_234' title='bbox 943 3820 1060 3881; x_wconf 83' lang='lat' dir='ltr'><strong>Stantes</strong></span> <span class='ocrx_word' id='word_1_235' title='bbox 1083 3823 1187 3879; x_wconf 90' lang='lat' dir='ltr'><strong>erimus</strong></span> <span class='ocrx_word' id='word_1_236' title='bbox 1211 3823 1310 3896; x_wconf 89' lang='lat' dir='ltr'><strong>pavidi</strong></span> 
     </span>
     <span class='ocr_line' id='line_1_76' title="bbox 941 3908 1305 3966; baseline 0.003 -1"><span class='ocrx_word' id='word_1_237' title='bbox 941 3909 1019 3965; x_wconf 86' lang='lat' dir='ltr'><strong>Ante</strong></span> <span class='ocrx_word' id='word_1_238' title='bbox 1040 3908 1167 3966; x_wconf 89' lang='lat' dir='ltr'><strong>tribunal</strong></span> <span class='ocrx_word' id='word_1_239' title='bbox 1190 3908 1305 3966; x_wconf 91' lang='lat' dir='ltr'><strong>Domini</strong></span> 
     </span>
     <span class='ocr_line' id='line_1_77' title="bbox 942 3993 1377 4066; baseline 0.002 -14"><span class='ocrx_word' id='word_1_240' title='bbox 942 3993 1164 4066; x_wconf 89' lang='lat' dir='ltr'><strong>Reddemusque</strong></span> <span class='ocrx_word' id='word_1_241' title='bbox 1187 3995 1223 4053; x_wconf 93' lang='lat' dir='ltr'><strong>de</strong></span> <span class='ocrx_word' id='word_1_242' title='bbox 1245 3995 1377 4053; x_wconf 88' lang='lat' dir='ltr'><strong>omuibus</strong></span> 
     </span>
     <span class='ocr_line' id='line_1_78' title="bbox 942 4079 1278 4155; baseline 0 -17"><span class='ocrx_word' id='word_1_243' title='bbox 942 4080 1094 4138; x_wconf 85' lang='lat' dir='ltr'><strong>Rationem</strong></span> <span class='ocrx_word' id='word_1_244' title='bbox 1119 4079 1278 4155; x_wconf 86' lang='lat' dir='ltr'><strong>affectibus,</strong></span> 
     </span>
     <span class='ocr_line' id='line_1_79' title="bbox 941 4165 1329 4240; baseline 0.003 -16"><span class='ocrx_word' id='word_1_245' title='bbox 941 4165 1080 4224; x_wconf 88' lang='lat' dir='ltr'><strong>Videutes</strong></span> <span class='ocrx_word' id='word_1_246' title='bbox 1102 4182 1214 4240; x_wconf 92' lang='lat' dir='ltr'><strong>quoque</strong></span> <span class='ocrx_word' id='word_1_247' title='bbox 1235 4168 1329 4239; x_wconf 90' lang='lat' dir='ltr'><strong>posita</strong></span> 
     </span>
     <span class='ocr_line' id='line_1_80' title="bbox 941 4252 1301 4310; baseline 0.006 -2"><span class='ocrx_word' id='word_1_248' title='bbox 941 4252 1020 4308; x_wconf 86' lang='lat' dir='ltr'><strong>Ante</strong></span> <span class='ocrx_word' id='word_1_249' title='bbox 1041 4253 1157 4309; x_wconf 91' lang='lat' dir='ltr'><strong>obtutus</strong></span> <span class='ocrx_word' id='word_1_250' title='bbox 1180 4253 1301 4310; x_wconf 91' lang='lat' dir='ltr'><strong>crimina</strong></span> 
     </span>
     <span class='ocr_line' id='line_1_81' title="bbox 944 4336 1375 4410; baseline 0.005 -16"><span class='ocrx_word' id='word_1_251' title='bbox 944 4336 1104 4410; x_wconf 80' lang='lat' dir='ltr'><strong>Libuosque</strong></span> <span class='ocrx_word' id='word_1_252' title='bbox 1127 4339 1319 4399; x_wconf 89' lang='lat' dir='ltr'><strong>conscientiae</strong></span> <span class='ocrx_word' id='word_1_253' title='bbox 1373 4375 1375 4379; x_wconf 68' lang='lat'><strong>,</strong></span> 
     </span>
     <span class='ocr_line' id='line_1_82' title="bbox 943 4421 1272 4504; baseline 0.003 -23"><span class='ocrx_word' id='word_1_254' title='bbox 943 4421 1107 4481; x_wconf 80' lang='lat' dir='ltr'><strong>Patefactos</strong></span> <span class='ocrx_word' id='word_1_255' title='bbox 1129 4424 1159 4481; x_wconf 91' lang='lat' dir='ltr'><strong>in</strong></span> <span class='ocrx_word' id='word_1_256' title='bbox 1182 4423 1272 4504; x_wconf 86' lang='lat' dir='ltr'><strong>facie;</strong></span> 
     </span>
    </p>

    <p class='ocr_par' dir='ltr' id='par_1_23' title="bbox 943 4507 1297 4570">
     <span class='ocr_line' id='line_1_83' title="bbox 943 4507 1297 4570; baseline 0.008 -3"><span class='ocrx_word' id='word_1_257' title='bbox 943 4511 976 4567; x_wconf 93' lang='lat' dir='ltr'><strong>ln</strong></span> <span class='ocrx_word' id='word_1_258' title='bbox 999 4507 1082 4566; x_wconf 89' lang='lat' dir='ltr'><strong>fletus</strong></span> <span class='ocrx_word' id='word_1_259' title='bbox 1104 4511 1297 4570; x_wconf 89' lang='lat' dir='ltr'><strong>amarissimos</strong></span> 
     </span>
    </p>

    <p class='ocr_par' dir='ltr' id='par_1_24' title="bbox 942 4596 1353 4839">
     <span class='ocr_line' id='line_1_84' title="bbox 943 4596 1353 4670; baseline 0.007 -18"><span class='ocrx_word' id='word_1_260' title='bbox 943 4597 987 4652; x_wconf 86' lang='lat' dir='ltr'><strong>Ac</strong></span> <span class='ocrx_word' id='word_1_261' title='bbox 1009 4596 1150 4668; x_wconf 89' lang='lat' dir='ltr'><strong>singultus</strong></span> <span class='ocrx_word' id='word_1_262' title='bbox 1172 4613 1353 4670; x_wconf 89' lang='lat' dir='ltr'><strong>erumpemus</strong></span> 
     </span>
     <span class='ocr_line' id='line_1_85' title="bbox 942 4679 1281 4740; baseline 0.009 -3"><span class='ocrx_word' id='word_1_263' title='bbox 942 4679 1097 4739; x_wconf 88' lang='lat' dir='ltr'><strong>Subtracta</strong></span> <span class='ocrx_word' id='word_1_264' title='bbox 1119 4683 1281 4740; x_wconf 89' lang='lat' dir='ltr'><strong>necessaria</strong></span> 
     </span>
     <span class='ocr_line' id='line_1_86' title="bbox 942 4766 1242 4839; baseline 0.017 -15"><span class='ocrx_word' id='word_1_265' title='bbox 942 4766 1091 4839; x_wconf 91' lang='lat' dir='ltr'><strong>Operandi</strong></span> <span class='ocrx_word' id='word_1_266' title='bbox 1112 4769 1242 4830; x_wconf 86' lang='lat' dir='ltr'><strong>materia.</strong></span> 
     </span>
    </p>
   </div>
   <div class='ocr_carea' id='block_1_20' title="bbox 0 0 1826 5550">
    <p class='ocr_par' dir='ltr' id='par_1_25' title="bbox 0 0 1826 5550">
     <span class='ocr_line' id='line_1_87' title="bbox 0 0 1826 5550; baseline 0 3"><span class='ocrx_word' id='word_1_267' title='bbox 0 0 1826 5550; x_wconf 95' lang='lat' dir='ltr'><strong> </strong></span> 
     </span>
    </p>
   </div>
  </div>
 </body>
</html>
