3642 5550
319 598 381 663 272
623 600 689 649 Pars
707 600 743 651 IL
778 599 932 665 Hymnodia
948 597 1192 650 Hiberno-Osltica

321 773 369 833 10.
403 771 514 831 Eodem
537 772 584 832 die

446 857 580 933 rubrum,
613 865 646 917 ut
674 859 769 935 aiunt,
804 875 883 917 mare

404 946 476 1004 Post
497 948 607 1018 tergum
631 945 715 1017 liquit

447 1030 587 1090 liberatus
608 1031 716 1104 lsrael;

320 1221 369 1283 11.
404 1220 462 1278 Per
483 1219 538 1277 hoc
561 1220 696 1278 docemur

446 1305 544 1363 mundi
566 1310 633 1364 acta
653 1320 791 1378 spernere

402 1391 442 1449 Et
464 1391 493 1450 in
517 1391 631 1449 deserto

446 1476 584 1536 virtutum
607 1476 773 1540 consistere.

321 1668 370 1727 12.
405 1665 559 1725 Submerso
580 1679 666 1725 saevo

450 1750 547 1810 Cincri
569 1757 675 1810 canunt
697 1752 809 1810 aemulo

405 1837 545 1897 Certatim
566 1838 629 1896 Deo

447 1923 558 1999 laudes,
580 1923 646 1982 duci
668 1923 769 1997 igneo;

319 2320 369 2381 16.
403 2319 437 2376 In
458 2316 516 2378 fiue
537 2316 636 2376 mundi

445 2407 510 2477 post
533 2408 613 2462 tanta
635 2404 772 2477 mysteria

402 2490 497 2549 Adest
518 2490 645 2549 salvator

446 2591 508 2633 cum
532 2575 635 2648 grandi
658 2575 827 2653 clementia3

322 2746 372 2810 17.
406 2746 534 2819 Tamque
556 2752 656 2821 aperte

236 2858 238 2863 ·
447 2834 588 2891 elementa
609 2834 812 2910 praetendunt,

404 2921 494 2992 Quam
516 2923 613 2977 vatum
636 2935 687 2978 ora

446 3004 542 3062 lucide
565 3004 777 3065 concelebrant.

320 3178 371 3236 18.
404 3175 498 3234 Natus
520 3181 552 3233 ut
574 3175 657 3235 homo

447 3261 562 3319 mortali
586 3261 616 3319 in
638 3261 763 3337 tegmine

406 3346 470 3405 Non
493 3345 575 3404 deest
598 3348 677 3406 caelo

446 3448 564 3490 manens
586 3433 615 3490 in
639 3434 778 3496 trinitate.

319 3608 370 3666 19.
405 3604 491 3678 Vagit
512 3603 543 3662 iu
565 3603 677 3679 pannis,

446 3694 600 3748 veneratur
621 3707 639 3747 a
661 3689 765 3763 Magis,

404 3774 508 3848 Fulget
530 3775 560 3834 in
583 3775 685 3848 stellis,

447 3861 636 3920 adoratorio
660 3860 756 3920 caelis.

320 4036 372 4093 20.
407 4031 524 4090 Statura
545 4031 595 4089 vili
665 4098 667 4102 ἱ

449 4116 611 4174 continetur
632 4117 795 4194 praesaepi,

406 4202 494 4262 Cuius
517 4202 625 4276 pugillo

448 4293 544 4363 potest
565 4288 643 4347 orbis
667 4290 809 4350 concludi.

321 4461 373 4523 21.
407 4460 591 4533 Primumque
613 4460 724 4534 signum

448 4546 594 4619 portendit
617 4546 766 4619 discipulis

406 4635 506 4705 Aquae
528 4647 682 4691 conversae

446 4718 477 4775 iu
499 4734 602 4794 sapore
623 4717 758 4777 nectaria.

936 773 986 834 13.
1021 772 1124 845 Sioque
1147 771 1241 846 erepti

1062 874 1183 931 nequam
1205 856 1340 916 iubemur
1362 855 1438 916 fretis

1020 944 1157 1003 Laudare
1177 944 1273 1002 Deum

1065 1029 1191 1103 explosis
1213 1028 1348 1091 inimicis.

936 1219 985 1280 14.
1019 1218 1060 1277 Et
1081 1218 1155 1277 sicut
1176 1218 1229 1276 1111

1063 1304 1136 1363 lucis
1158 1303 1191 1362 fit
1213 1303 1337 1384 initium,

1020 1391 1066 1449 lta
1088 1395 1117 1447 et
1138 1390 1194 1448 iste

1064 1476 1165 1535 salutis
1187 1476 1356 1554 exordium3

939 1665 989 1727 15.
1022 1666 1148 1725 Lucatur
1169 1665 1280 1738 primus

1064 1752 1094 1809 in
1117 1756 1217 1810 tenore
1240 1751 1309 1827 diei,

1022 1836 1170 1897 Secundus
1192 1853 1262 1897 vcro

1064 1923 1095 1981 in
1117 1923 1214 1981 calore
1234 1921 1315 1985 fidei.

935 2322 985 2379 22.
1020 2320 1092 2378 Tum
1114 2334 1168 2394 per
1189 2318 1362 2391 prophetam

1063 2405 1224 2476 completur
1253 2408 1285 2462 ut
1308 2404 1414 2463 dictum
1435 2408 1482 2461 est:

1021 2490 1111 2548 Saliet
1133 2489 1254 2548 claudus

992 2577 996 2584 '
1061 2580 1094 2634 ut
1116 2591 1217 2635 cervos
1240 2575 1412 2649 perniciter;

935 2749 986 2808 23.
1020 2748 1168 2820 Plauaque
1189 2744 1269 2806 fatur

1061 2833 1192 2892 absoluto
1215 2832 1331 2892 vinculo

1020 2919 1132 2993 Lingua
1153 2922 1297 2977 mutorum

1061 3005 1223 3081 imperante
1244 3005 1379 3065 Domino.

937 3179 987 3239 24.
1022 3176 1110 3237 Surdi
1131 3179 1280 3250 sanantur,

1064 3262 1143 3320 caeci
1164 3266 1251 3334 atque
1269 3262 1388 3339 leprosi,

1020 3349 1134 3408 Funere
1156 3353 1236 3405 truso

1037 3456 1042 3468 ·
1063 3433 1239 3492 suscitantur
1260 3433 1377 3494 mortui.

938 3608 989 3665 25.
1023 3604 1156 3663 Totidem
1178 3620 1268 3678 panes

1064 3690 1189 3764 quinque
1211 3689 1319 3750 diuidit
1341 3690 1432 3749 rirdm

1022 3775 1209 3835 Saturaturus

1063 3862 1166 3934 procul
1189 3859 1278 3920 dubio
1301 3860 1427 3920 milibus.

937 4035 985 4093 26.
1021 4034 1092 4092 Post
1111 4035 1208 4091 tantas
1230 4033 1322 4092 moles

1063 4117 1178 4177 divinae
1199 4117 1372 4178 clementiae

1018 4205 1132 4262 Exosus
1154 4204 1205 4262 ille

1062 4288 1178 4348 stimulo
1199 4290 1342 4367 invidiae,

940 4465 990 4522 2l.
1025 4461 1079 4534 Qui
1101 4459 1233 4519 invidere

1066 4552 1095 4606 et
1117 4546 1210 4624 odire,
1232 4545 1359 4606 animam

1022 4636 1078 4693 Pro
1100 4632 1224 4692 inimicis

1059 4735 1219 4794 prorogans
1242 4718 1295 4780 dat
1316 4719 1460 4779 victimam.
