3642 5550
679 632 701 681 1.
727 632 768 682 De
785 632 842 683 Deo
861 636 888 685 et
904 632 938 682 de
954 634 1046 684 Beata
1389 633 1452 696 293

343 802 488 869 Antiphon.
511 819 558 852 ms.
582 802 766 853 Benchorense
790 805 853 853 anni
876 800 1020 854 680-691.
1056 804 1120 855 Cod.
1138 804 1304 854 Ambrosiam
1323 803 1345 854 O
1367 801 1384 854 5
1406 805 1453 855 inf.
1495 818 1500 838 ³

273 900 308 907 -
330 873 402 923 'Pitel
425 874 453 922 in
477 872 523 922 der
540 872 605 921 Hs:
630 874 765 937 Incipiunt
789 870 940 936 antefani(!)
963 889 1042 939 super
1062 874 1205 925 Cantemus
1223 878 1250 923 et
1266 869 1452 937 Benedicite“;

273 942 327 992 und
346 957 416 992 nwar
432 942 522 1007 folgen
541 940 602 990 dort
618 940 693 990 sechs
711 941 976 1007 Antiphonenpaare,
999 958 1053 992 von
1070 942 1157 992 denen
1173 941 1221 991 das
1240 943 1348 1003 zweite,
1367 944 1453 992 vierte

273 1010 328 1061 und
354 1010 457 1061 sechste
480 1009 563 1069 Paar,
590 1009 634 1060 die
661 1012 689 1059 in
715 1010 762 1060 der
788 1009 846 1060 hier
871 1012 1040 1077 vorgelegtan
1064 1010 1192 1077 Ordnung
1220 1009 1289 1060 auch
1310 1009 1371 1060 dort
1395 1010 1454 1060 sich

272 1078 374 1145 fulgen,
398 1078 480 1129 durch
504 1078 554 1129 deu
576 1079 652 1128 Reim
679 1095 712 1127 au
730 1079 861 1144 Stropheu
880 1096 934 1129 von
947 1079 975 1143 je
994 1075 1053 1130 dret'
1070 1081 1172 1130 Versen
1188 1078 1314 1143 gestaltet
1331 1079 1399 1129 sind.
1419 1104 1453 1113 -

272 1150 321 1208 Ia,
343 1145 355 1197 1
374 1148 439 1198 Filii
459 1148 520 1198 ebre
541 1162 631 1197 eorum
650 1149 856 1212 penitrauerunt.
876 1174 909 1183 -
927 1149 981 1210 lb,
1000 1146 1012 1198 l
1032 1150 1093 1199 'l'ris
1111 1148 1210 1213 korrig.
1230 1164 1263 1196 tu
1280 1148 1358 1212 'l'res3
1378 1149 1452 1198 Deus

273 1216 347 1267 fehlt
373 1245 405 1252 -
429 1216 480 1276 lb,
504 1213 520 1266 3
542 1231 595 1266 uno
619 1215 719 1281 korrig.
743 1233 776 1266 nu
793 1231 855 1267 una.
873 1243 907 1252 -
924 1219 989 1277 Ha,
1013 1214 1163 1283 2regalem
1181 1216 1279 1282 polum.
1295 1243 1330 1254 -υ
1346 1217 1414 1278 Hb,
1438 1212 1455 1267 3

273 1285 469 1351 diriliqueruut.
488 1311 521 1318 —
539 1282 615 1345 Illa,
636 1282 648 1333 l
669 1287 745 1335 Fero.
763 1311 797 1320 -
813 1286 891 1347 IIIa,
910 1283 927 1335 2
944 1289 1099 1352 pertransit3
1123 1285 1254 1336 abermals
1272 1283 1321 1334 das
1340 1286 1383 1336 bei
1402 1286 1454 1335 deu

273 1354 336 1404 Ireu
354 1351 493 1420 einsilbige
512 1354 554 1402 -ii-
573 1352 640 1402 auch
658 1354 800 1420 graphisch
818 1354 900 1405 durch
918 1371 969 1405 nur
986 1352 1030 1403 ein
1042 1357 1073 1404 ·i·
1087 1353 1272 1421 ausgedrirclrt.
1285 1381 1318 1388 -
1337 1349 1454 1405 Warrerr

273 1423 301 1481 (l.
326 1440 349 1473 c.
373 1423 414 1484 Π,
437 1439 462 1488 p.
481 1418 524 1484 29)
546 1421 610 1471 laist
627 1438 657 1472 so
676 1422 804 1472 drackeu:
831 1424 953 1487 „Moyses
978 1426 1122 1488 pertransit
1139 1426 1168 1472 in
1186 1425 1257 1473 sicco
1275 1424 1343 1489 pede
1361 1425 1455 1485 maria,

274 1488 324 1557 [et]
349 1492 430 1550 dixit,
454 1492 510 1541 Deo
533 1487 663 1541 cantate“
682 1491 811 1553 -111o,
836 1489 929 1542 lTris
953 1492 1052 1557 lrorrig.
1076 1509 1109 1542 zu
1127 1491 1201 1541 Tres.
1220 1518 1254 1526 —
1272 1494 1350 1552 1111),
1376 1488 1455 1542 2co·
1507 1547 1510 1553 ,

293 1563 371 1611 entis.

274 1578 292 1627 g
343 1627 454 1679 Betreffs
479 1628 526 1678 der
543 1628 700 1693 Reimprosa
722 1629 774 1694 gilt
791 1629 849 1678 hier
866 1629 914 1679 das
933 1629 1040 1680 Gleiche
1059 1632 1108 1679 wie
1126 1630 1169 1680 bei
1187 1629 1238 1679 den
1256 1627 1391 1679 Collectae
1408 1628 1457 1678 der

277 1699 388 1765 vorigen
417 1698 557 1760 Nummer3
592 1711 648 1746 war
677 1698 737 1747 dort
765 1700 823 1748 vier
853 1698 896 1748 die
926 1698 1077 1749 Zeileuzalrl
1106 1698 1152 1748 der
1181 1698 1310 1760 Strophe,
1340 1713 1370 1747 so
1400 1696 1459 1748 hier

275 1770 369 1817 immer
385 1766 451 1817 drei.

359 2090 422 2145 223.
450 2090 583 2158 Hymnus
601 2089 637 2143 de
655 2087 787 2143 Psalmis
806 2088 978 2156 quindecim
998 2087 1195 2144 Dantlcornm
1213 2086 1374 2145 Gradumn.

299 2271 327 2329 1.
364 2268 410 2326 nd
433 2266 586 2324 Dominum
609 2267 808 2345 clamaveram,
917 2268 945 2326 7.
979 2267 1013 2325 In
1036 2266 1231 2325 convertendo
1254 2267 1394 2346 Dominus
1490 2316 1492 2319 .

365 2353 435 2412 (lum
457 2352 612 2411 tribulatus
635 2349 756 2426 fueram,
979 2352 1184 2423 Captivitatem
1206 2352 1336 2424 protinus

362 2439 401 2498 Et
424 2438 574 2499 exaudivit
595 2439 734 2497 Dominus
979 2437 1048 2495 Sion
1070 2439 1141 2496 satis
1162 2439 1193 2496 in
1215 2438 1347 2496 omnibus

364 2527 483 2585 Servum
506 2541 587 2583 suurn
611 2525 791 2596 quantocius.
980 2524 1127 2583 consolati
1150 2540 1202 2581 nos
1225 2521 1341 2585 fuimus.
1438 2539 1441 2545 ·

323 2762 329 2775 .
366 2714 475 2773 Levavi
497 2729 575 2771 meos
598 2712 697 2770 oculos
917 2715 946 2773 8.
982 2711 1046 2769 Nisi
1069 2711 1208 2770 Dominus
1230 2711 1428 2772 aedificaverit

363 2801 466 2859 Statim
488 2800 526 2859 ad
550 2805 660 2858 montes
682 2799 830 2877 pristinos,
980 2800 1076 2870 Atque
1099 2815 1151 2856 nos
1174 2800 1397 2879 conservaverit,

363 2887 448 2946 Unde
471 2887 526 2943 erit
548 2885 689 2944 altissimo
981 2886 1093 2943 Vanum
1117 2891 1162 2942 est
1183 2901 1257 2957 opus
1279 2887 1404 2944 omnium

363 2968 510 3031 Auxilium
534 2988 552 3030 a
574 2971 707 3031 Domino.
981 2970 1089 3028 Domus
1111 2969 1335 3033 aedificantium.

243 3193 247 3200 ·
322 3209 329 3223 .
364 3163 503 3220 Laetatus
525 3178 589 3218 sum
611 3161 641 3218 in
664 3159 806 3232 omnibus,
918 3161 949 3220 9.
984 3159 1067 3218 Beati
1090 3158 1142 3216 filii
1166 3159 1322 3234 hominum,

363 3248 441 3318 Quae
465 3247 539 3304 dixit
560 3247 630 3304 mihi
653 3245 808 3305 Dominus:
984 3246 1038 3316 Qui
1061 3261 1142 3303 sunm
1165 3245 1268 3303 timent
1290 3245 1444 3304 Dominum

363 3335 412 3392 Ad
436 3333 549 3392 domum
572 3332 628 3391 Dei
650 3331 764 3406 ibimus,
980 3332 1091 3404 Quique
1113 3331 1143 3388 in
1166 3332 1212 3391 via
1236 3336 1357 3404 angusta

363 3422 398 3479 ln
418 3435 475 3491 qua
496 3433 611 3491 semper
632 3418 819 3477 manebimus.
981 3417 1056 3475 Fide
1078 3416 1229 3477 ambulant
1251 3416 1379 3480 robusta.

323 3651 331 3666 .
365 3607 414 3666 Ad
435 3614 465 3664 te
487 3607 581 3665 levavi
603 3606 701 3664 oculos
898 3608 948 3665 10.
982 3605 1076 3678 Saepe
1098 3623 1156 3685 inq
1162 3611 1402 3679 expugnaverunt

365 3693 457 3766 Meos,
479 3709 497 3750 o
519 3692 607 3766 Deus,
629 3693 768 3762 internos,
984 3693 1162 3767 Adversarii,
1186 3707 1238 3751 nec
1260 3697 1424 3764 potnerunt,

365 3778 419 3848 Qui
442 3794 472 3835 es
493 3778 523 3836 in
546 3778 619 3836 caeli
642 3778 765 3836 culmine
983 3777 1041 3836 Sed
1064 3783 1252 3837 cessaverunt
1275 3778 1410 3836 continno

367 3865 439 3923 Cum
461 3864 626 3936 angelorum
649 3864 772 3936 agmine.
983 3862 1173 3924 confortante
1195 3880 1241 3922 me
1263 3864 1398 3926 Domino.

304 4058 334 4111 f.
372 4050 454 4129 ,Nisi
476 4051 543 4124 quia
565 4040 722 4110 altissimus
898 4053 948 4112 11.
984 4052 1027 4110 De
1049 4050 1204 4124 profundis
1227 4052 1403 4132 suppliciter

367 4137 440 4195 Erat
461 4139 492 4194 in
513 4137 596 4195 nobis
619 4136 786 4212 Dominns‚“
982 4138 1113 4200 Olamavi
1133 4154 1168 4196 ac
1190 4137 1318 4196 fideliter

367 4222 452 4281 Dicat
475 4222 586 4281 Israhel
604 4223 746 4298 omnibus,
918 4231 922 4238 ’
980 4224 1028 4283 Ad
1051 4229 1090 4299 te,
1114 4223 1191 4281 Deus
1215 4224 1366 4303 victoriae,

371 4307 563 4385 ,lufirmioros
584 4306 718 4371 iuimns.“
981 4310 1069 4368 Pater
1091 4309 1227 4382 perennis
1250 4309 1370 4382 gloriae.

326 4549 333 4561 .
367 4498 421 4570 Qui
445 4496 593 4557 confidunt
614 4498 644 4556 in
668 4497 802 4574 Domino,
900 4499 950 4558 12.
984 4497 1116 4570 Domine,
1139 4513 1195 4555 non
1218 4502 1263 4555 est
1284 4498 1390 4557 elatum

368 4583 554 4643 Dominatore
576 4584 710 4661 maximo,
983 4585 1018 4641 ln
1039 4598 1084 4640 me
1106 4582 1242 4656 superbia
1265 4601 1315 4643 cor
1336 4601 1430 4644 meum

367 4669 409 4729 Ut
429 4687 510 4728 mons
533 4670 601 4730 Sion
624 4676 764 4742 perpetuo
984 4669 1084 4741 Neque
1106 4663 1257 4750 [unquam]
1279 4670 1402 4730 interius

367 4755 432 4815 Non
454 4761 586 4814 movetur
607 4756 644 4814 ab
666 4755 773 4829 aliquo.
983 4755 1136 4815 Exaltatus
1159 4773 1221 4814 sum
1244 4757 1386 4820 sensibus.
