3642 5550
557 621 706 689 Appendix.
722 649 756 658 -
773 624 803 673 B.
827 622 893 673 Tres
911 624 1004 688 hymni
1019 622 1153 690 Anonymi
1168 624 1319 690 Augiensis.

606 795 656 857 19.
690 796 793 857 Orbita
815 797 938 871 septima
958 797 1027 856 solis
1049 797 1100 857 ubi

688 881 726 940 Se
748 884 838 943 radiis
861 884 1002 944 reseravit
1024 883 1059 959 ei,

688 968 774 1027 Luois
795 986 892 1029 umore
914 969 1027 1042 cibique
1048 967 1174 1046 fimens

687 1054 769 1113 Misit
791 1055 829 1114 ad
851 1056 911 1117 ulte
933 1071 1034 1129 preces
1056 1054 1205 1128 querulas:

601 1261 651 1319 20.
690 1260 769 1337 „Iam
791 1261 870 1340 sotis,
894 1276 969 1330 0001,
993 1261 1034 1319 101
1055 1261 1212 1332 scelerum3
1273 1299 1275 1306 ·

686 1346 797 1418 Quaeso
820 1346 882 1406 dari
903 1348 1002 1406 veniae
1023 1347 1158 1420 spatium.

687 1432 766 1503 Quae
787 1432 895 1507 petitis,
919 1431 1072 1491 manifeste
1095 1432 1186 1509 deb03

685 1517 749 1575 Hae
770 1534 840 1575 neoe
863 1534 908 1576 me
930 1519 1057 1578 relevate
1078 1516 1192 1578 modo.“

604 1724 653 1786 21.
690 1723 760 1780 Post
782 1738 816 1782 11
839 1723 917 1782 dioto
939 1740 1039 1782 manus
1061 1723 1194 1783 iuvenum

687 1808 816 1868 Funibus
840 1809 976 1868 exhibitis
999 1811 1133 1868 miserum

691 1893 833 1953 Fueoibus
856 1895 1005 1968 eripiendo
1026 1895 1080 1954 luti

688 1980 832 2053 Exposuit
853 1997 941 2054 snper
962 1996 1014 2039 ora
1036 1982 1101 2041 leci.
1205 1980 1209 1988 '

603 2188 653 2249 22.
690 2186 826 2247 Praevius
848 2186 899 2244 ille
920 2188 1013 2260 gradu
1036 2187 1123 2246 celeri

687 2272 774 2331 Venit
794 2273 834 2332 od
856 2288 946 2345 usque
967 2273 1062 2334 locum
1082 2275 1193 2349 tumuli,

684 2359 804 2417 Munera
828 2358 876 2431 qui
898 2359 1063 2418 venerenda
1085 2359 1178 2418 oruois

685 2443 790 2502 Clauso
811 2444 870 2502 suis
893 2444 994 2503 hubuit
1013 2445 1143 2505 latebris.

600 2651 650 2713 23.
686 2652 759 2710 Inde
781 2650 904 2709 viriliter
925 2648 1058 2709 infodere

685 2736 788 2810 Coepit
809 2736 917 2796 111111
940 2742 1058 2811 potente
1080 2738 1191 2811 scrobe,

685 2824 827 2882 Praetulit
849 2828 878 2882 et
899 2840 952 2882 sue
974 2828 1041 2882 uoto
1062 2824 1129 2897 polo

683 2908 779 2967 Deute
800 2907 887 2968 fidem
909 2909 1025 2968 sibimet
1046 2910 1179 2971 Domino.

600 3117 650 3178 24.
684 3115 798 3173 Enituit
820 3115 924 3188 crucis,
947 3131 1024 3190 ecoe,
1047 3117 1135 3176 decus

684 3200 847 3260 candidule
868 3201 935 3261 nive
956 3202 1096 3274 lucidius3

685 3287 762 3344 Hine
784 3287 856 3344 odor
878 3287 940 3346 exit
960 3289 1133 3346 aromaticus

681 3371 807 3430 Necture
829 3371 965 3431 mellifluo
987 3375 1085 3432 setius.

597 3579 648 3641 25.
683 3575 773 3636 Forte
795 3578 887 3636 oruois
909 3578 982 3638 inibi
1003 3579 1132 3653 geminae

681 3664 752 3722 Cum
774 3662 857 3722 simul
880 3664 935 3723 bae
957 3662 1072 3726 fuerent
1092 3666 1177 3740 uliae,

683 3752 754 3811 Cum
776 3750 899 3809 Domino
922 3750 1024 3823 quibus
1043 3756 1110 3810 unte
1132 3752 1175 3809 rei

682 3836 739 3893 Pro
760 3835 871 3894 meritis
894 3833 1009 3894 fuerunt
1028 3837 1126 3910 positi.

596 4045 647 4104 26.
679 4042 724 4101 De
745 4041 848 4115 quibus
869 4042 981 4103 exstitit
1000 4043 1174 4119 ambiguum,

681 4128 760 4200 Quue
782 4125 859 4186 foret
879 4127 932 4188 illo
954 4126 1051 4189 ferens
1073 4130 1236 4210 Dominum,

681 4213 753 4273 Cum
773 4214 919 4287 perimens
940 4216 1089 4277 moriendo
1110 4232 1210 4275 nerem

682 4298 821 4359 Restituit
841 4300 955 4375 superis
977 4302 1129 4362 bominem.

596 4489 647 4549 27.
682 4487 835 4548 Moenibus
856 4487 938 4548 urbis
959 4493 990 4549 et
1010 4488 1121 4549 intereo

682 4573 796 4632 Prodiit
817 4574 957 4633 exanimis
979 4573 1067 4634 uidua

680 4657 746 4716 Non
767 4657 885 4718 minimo
905 4661 1012 4734 populo
1034 4662 1139 4719 oomito

681 4742 906 4804 commiserunte
927 4746 1013 4805 situm
1035 4747 1166 4809 misereo.
