3642 5550
249 635 312 701 252

518 626 584 677 Pars
601 626 624 677 1.
658 624 760 689 Hymni
778 623 957 690 antiquissimi
976 636 1045 672 seeo.
1062 619 1178 671 V.-XI.
1222 646 1227 676 2

507 801 558 863 10.
590 799 667 858 Hinc
688 798 830 859 animatus
852 811 950 857 umore
972 794 1027 855 Dei

528 881 1004 957 ‘ffimmwffi

590 970 727 1031 subdidit
748 975 777 1028 et
798 973 956 1030 renovante
976 982 1059 1026 seoro

590 1057 752 1117 Ecclesium
772 1053 862 1115 subiit
882 1055 1009 1116 lavaero.

508 1262 557 1324 11.
589 1265 631 1322 At
652 1262 740 1321 simili
762 1261 870 1335 pietate
892 1261 990 1335 vigens

590 1348 686 1424 ipsius
707 1348 821 1409 Helene
843 1347 892 1406 die
914 1361 1019 1420 parens

592 1435 700 1496 Sedulo
721 1434 758 1493 de
780 1448 866 1493 oruoe
888 1432 1052 1492 ooutiuuum

590 1521 735 1595 Quaerere
756 1523 894 1594 ooeperet
915 1516 1063 1577 iudicium.

508 1727 559 1790 12.
597 1727 725 1785 Plurima
747 1726 840 1801 gentis
862 1732 891 1784 et
913 1724 1076 1784 Hebreiooe

592 1813 720 1871 Iusserat
741 1813 856 1887 epmine
877 1812 1024 1886 colligere,

592 1898 654 1970 Quo
675 1897 732 1957 sibi
754 1903 856 1974 sponte
878 1898 976 1972 pelam
998 1894 1117 1967 feceret,

592 1984 683 2044 Tecto
703 1984 819 2059 negotio
840 1999 914 2056 quoe
936 1987 1063 2057 cuperet.

508 2191 558 2251 13.
593 2190 689 2251 Cordo
711 2189 763 2248 sed
785 2190 883 2265 impie,
907 2204 990 2248 cesse
1011 2186 1078 2257 fide,

591 2276 673 2335 Fixit
694 2277 829 2335 aculueus
855 2274 982 2335 invidiae

593 2362 750 2436 Suppliciis
771 2378 852 2436 mage
874 2362 950 2421 velle
971 2360 1055 2435 mori,

593 2448 717 2508 Munera
738 2464 823 2522 quem
844 2462 976 2507 reserare
1000 2445 1066 2509 Dei.

512 2656 561 2715 14.
594 2657 671 2729 Quos
694 2655 779 2715 simul
801 2655 867 2730 igue
890 2668 1020 2713 cremore
1041 2651 1142 2712 iubens

594 2740 713 2815 Absque
734 2757 815 2801 more
837 2740 974 2802 basilisse
994 2742 1097 2815 potens

597 2827 742 2902 Compulit
763 2829 816 2887 lios
838 2826 900 2886 fore
923 2826 1076 2898 veridicos,

595 2914 672 2986 Quos
694 2931 746 2976 sua
767 2911 932 2974 transtulit
951 2919 1020 2973 ente
1042 2927 1117 2970 reos.

512 3119 563 3179 15.
598 3119 720 3179 Nomine
741 3136 862 3194 nemque
885 3121 987 3180 Iudam
1008 3120 1117 3178 socium

596 3205 726 3266 Tradere
751 3207 920 3280 disposuere
942 3223 1042 3278 suum3

596 3291 703 3365 Regius
724 3293 834 3366 hooque
856 3292 925 3352 doto
946 3292 1091 3368 placidum

595 3377 651 3436 His
672 3379 754 3453 vigor
775 3377 906 3438 exhibuit
929 3379 1083 3440 domiuum.

513 3582 563 3644 16.
596 3583 690 3643 Solius
711 3586 782 3644 iude
803 3586 895 3645 Iudae
916 3586 997 3645 licito

597 3673 703 3743 Aptius
724 3670 816 3731 utitur
838 3672 960 3751 eloquio,

597 3757 658 3828 Quo
681 3756 737 3816 sibi
758 3756 909 3818 calvariae
930 3759 1055 3818 loculum

596 3843 752 3917 Detegeret
775 3859 859 3904 oruoe
880 3843 1070 3918 magnifieum.

515 4053 565 4113 17.
599 4050 662 4110 Neo
683 4049 778 4110 minue
799 4050 844 4110 his
866 4067 978 4126 quoque
999 4051 1114 4111 iudeioo

599 4137 720 4197 Obstitit
738 4136 789 4195 ille
810 4134 909 4197 furens
932 4138 1037 4211 animo,

600 4223 661 4282 Ceu
682 4222 738 4281 sibi
760 4239 817 4282 non
839 4239 873 4283 ee
895 4222 1090 4301 relatorem,

600 4308 721 4368 Saeculo
741 4324 815 4382 quoe
837 4311 923 4370 modo
946 4316 1049 4369 concta
1071 4315 1179 4371 teuent.

516 4498 566 4559 18.
601 4497 695 4556 Sensit
716 4503 748 4555 ot
769 4498 841 4557 heeo
862 4500 978 4572 sepiens
1001 4500 1125 4579 domine,

598 4583 684 4643 Hune
704 4583 805 4642 bumlli
826 4584 951 4657 positum
973 4584 1057 4645 fovee

599 4669 683 4814 {ecit
704 4669 745 4727 ibi
767 4670 843 4728 melo
865 4669 953 4745 digua
974 4674 1045 4746 poti,
