3642 5550
382 629 418 679 ΙΙ.
445 629 487 679 De
504 628 617 679 Sanctis.
635 655 668 664 -
685 632 715 680 B.
733 627 834 694 Hymni
851 629 884 680 de
901 628 1006 680 Sanctis
1023 630 1137 695 Proprii.
1173 633 1213 681 De
1232 646 1252 682 s.
1271 629 1402 681 Cornelio.
1433 629 1494 695 173

320 797 453 850 erscheint
472 815 501 849 es
518 800 745 862 wahrscheinlich‚
764 800 821 851 dass
840 817 884 852 um
898 799 961 864 jene
978 802 1035 853 Zeit
1052 801 1098 851 der
1110 802 1230 866 Hymnus
1248 800 1382 867 gedichtet
1398 801 1496 862 wurde,

319 867 456 918 vielleieht
472 869 499 918 in
519 864 604 919 Prvim
622 870 711 921 selbst.
747 871 788 921 Ob
806 885 859 920 von
877 870 936 921 dem
956 872 991 919 im
1010 867 1035 919 9.
1052 869 1146 921 Jahrh.
1164 870 1224 920 dort
1239 870 1368 921 lebenden
1387 870 1496 921 Dichter

315 936 563 987 ‘wandalberti
579 937 648 1003 (Vgl.
666 938 717 988 den
731 941 853 1003 Hymnus
868 941 914 989 Nr.
934 935 1001 1001 131.)
1029 937 1095 988 Stiel
1113 939 1166 989 und
1177 938 1277 989 Mctrik
1293 935 1370 1003 (auch
1382 938 1495 1000 Elisiou‚

318 1006 363 1056 die
384 1004 443 1055 hier
461 1005 605 1072 allerdings
623 1006 712 1073 hiiufig
728 1005 887 1072 vorkommt)
902 1006 1042 1058 schlieisen
1060 1006 1107 1056 ihn
1125 1008 1199 1057 nicht
1216 1023 1273 1058 aus.
1290 1036 1323 1044 -
1341 1008 1421 1059 Mene
1437 1008 1495 1069 (ΙΙΙ,

319 1071 381 1139 250)
403 1076 486 1125 meiut
508 1090 568 1124 zum
587 1075 713 1127 Gedicht:
738 1076 787 1141 „da
811 1092 839 1126 es
862 1078 949 1126 seiner
970 1075 1135 1126 klassisehen
1153 1075 1253 1127 Metrik
1274 1076 1341 1126 nach
1365 1092 1413 1127 aus
1437 1075 1497 1126 dem

319 1140 344 1193 5.
355 1142 538 1195 Jahrhundert
555 1144 597 1203 ist,
618 1160 648 1194 so
665 1144 760 1210 gehdrt
777 1161 805 1195 es
817 1161 850 1195 au
862 1145 914 1195 den
925 1145 1038 1195 siltesten
1049 1144 1268 1195 Kirehenliedern
1278 1140 1496 1195 Teutschlands¹‘.

320 1212 463 1263 Chevalier
485 1211 533 1263 hat
555 1213 630 1263 recht
652 1214 735 1264 daran
757 1219 851 1280 getan,
877 1213 936 1264 dass
960 1230 989 1263 er
1011 1212 1085 1279 (Rep.
1108 1214 1207 1278 Hymn.
1233 1208 1332 1277 20832)
1354 1230 1388 1264 au
1411 1213 1498 1263 dieser

319 1281 587 1347 Altersbestimmung
605 1282 652 1344 „V.
671 1278 755 1333 saec.“
774 1279 935 1348 wenceslaus
953 1284 997 1332 ein
1016 1278 1059 1348 „?“
1078 1287 1179 1348 gesetrt
1196 1282 1250 1335 hat.

571 1551 633 1609 150.
658 1552 695 1607 ln
713 1551 972 1609 translationes.
992 1550 1127 1609 (tornelli
1145 1553 1260 1623 Papae.

589 1660 739 1724 Hymnus
761 1658 921 1710 Monachi
946 1659 1236 1726 Compendiensis.

324 1834 355 1896 1.
390 1833 474 1913 Redi,
498 1850 585 1910 papa,
608 1836 675 1907 iam,
699 1835 824 1906 Corneli,
939 1838 968 1897 6.
1002 1836 1044 1894 Te
1066 1852 1148 1895 senes
1171 1852 1298 1910 anusque
1319 1835 1414 1909 simul,

430 1920 469 1979 sd
492 1921 569 1979 ovile
590 1921 749 1999 proprium,
1045 1922 1161 1982 iuvenes
1184 1927 1213 1981 et
1234 1922 1359 1997 parvuli,

390 2005 474 2077 Quod
496 2005 550 2064 tibi
573 2007 651 2065 Deus
675 2007 784 2066 dicavit
1004 2007 1105 2067 Glerus
1127 2023 1209 2067 sacer
1231 2013 1260 2066 et
1281 2008 1363 2083 plebs
1386 2007 1477 2066 omnis

432 2107 506 2150 novo
527 2091 558 2150 in
581 2091 727 2167 coenobio,
1045 2094 1194 2153 invitando
1217 2094 1374 2164 clamitant,

389 2176 432 2237 Ut
454 2183 628 2236 maerentem
651 2178 701 2238 diu
723 2194 839 2253 gregem
1005 2179 1091 2239 Caeci
1112 2195 1224 2254 quoque
1245 2186 1331 2253 atque
1353 2180 1449 2239 claudi

432 2263 463 2321 in
486 2262 600 2323 Christo
620 2263 769 2324 laetifices.
1048 2280 1110 2323 eum
1133 2265 1219 2324 turba
1241 2265 1389 2325 debilium.

325 2436 356 2496 2.
391 2432 466 2493 Nam
489 2436 564 2495 sieut
585 2436 704 2496 absente
725 2442 810 2512 patre
943 2439 972 2501 7.
1006 2436 1091 2497 Solve
1113 2443 1222 2514 nostra,
1245 2442 1330 2496 orant
1351 2453 1459 2511 omnes,

436 2522 496 2579 cari
515 2501 614 2597 lugent
635 2521 689 2582 filii
851 2584 853 2587 ,
885 2571 888 2577 .
1046 2529 1231 2597 peccaturum
1253 2523 1368 2583 vincula

391 2604 431 2664 Et
452 2607 589 2681 magistro
612 2608 779 2668 discedente
1004 2608 1045 2668 Et
1066 2615 1131 2683 post
1153 2615 1265 2683 strages
1286 2610 1458 2668 miserorum

434 2691 568 2752 dubitant
590 2694 735 2771 discipuli,
1047 2711 1148 2768 pacem
1171 2695 1261 2754 redde
1283 2695 1400 2771 populo,

392 2777 439 2837 Ita
459 2784 489 2837 te
510 2779 629 2839 absente
651 2798 765 2840 maeror
976 2856 978 2860 .
1004 2782 1093 2854 Quam
1102 2782 1502 2842 Christusaseendenscaclos

436 2881 488 2924 uos
509 2865 632 2927 involvit
652 2867 765 2927 nimius.
1046 2868 1164 2941 reliquit
1186 2867 1345 2941 discipulis.

330 3035 359 3094 3.
393 3035 471 3110 Lupi
489 3037 566 3096 enim
588 3055 641 3098 nes
663 3055 784 3114 rapaces
943 3043 973 3102 8.
1007 3040 1115 3113 Inpios
1138 3041 1175 3099 ad
1200 3039 1336 3113 pietatem

436 3122 605 3184 invaserunt
625 3125 762 3200 undique,
1049 3125 1195 3185 exorando
1215 3141 1318 3200 revoca

336 3207 342 3219 ’
395 3209 550 3282 Postquam
572 3214 621 3269 tua
644 3210 801 3285 corporalis
1007 3211 1046 3270 Et
1069 3227 1188 3283 rapaces
1212 3211 1284 3269 doce
1306 3228 1358 3270 sua

437 3293 578 3354 abscessit
598 3298 773 3370 praesentia,
1049 3296 1148 3371 largiri
1169 3296 1353 3374 pauperibus,

395 3379 539 3440 Caedibus
562 3387 708 3442 vastantes
730 3382 843 3457 plebem
1008 3382 1052 3441 Ne
1074 3382 1248 3441 seinvicem
1271 3382 1430 3441 mordendo

437 3472 467 3524 et
490 3467 589 3527 domes
611 3468 756 3529 incendio.
1051 3473 1255 3528 consumantur
1276 3468 1365 3530 ocius.

330 3640 359 3696 4.
395 3636 453 3697 Sed
476 3656 528 3698 nos
550 3640 628 3699 Deus
650 3646 736 3716 atque
757 3646 837 3700 tuum
943 3644 972 3702 9.
1007 3641 1143 3701 Caritatis
1165 3640 1261 3720 ignem
1284 3640 1366 3699 nobis

438 3726 567 3796 protexit
588 3726 755 3787 coenobium
1049 3727 1106 3785 tuis
1128 3743 1200 3800 auge
1222 3726 1366 3804 precibus,

395 3807 459 3867 Nee
478 3811 611 3884 permisit
632 3813 705 3872 illud
728 3819 840 3887 gentem
1006 3813 1060 3885 Qui
1082 3810 1225 3872 flammam
1249 3811 1416 3885 cupiditatis

438 3894 626 3956 barbarorum
649 3902 776 3972 tangere,
831 3949 835 3957 .
1050 3898 1109 3957 suis
1131 3899 1222 3972 pellat
1243 3897 1345 3971 radiis,

396 3979 442 4038 lle
462 3982 601 4054 gauderet
622 3983 753 4042 inimicus
1007 3978 1069 4056 Qua
1092 3984 1212 4057 depulsa
1234 3982 1317 4042 nobis
1338 3989 1442 4042 cuncta

439 4067 498 4125 eius
519 4068 550 4128 in
572 4069 696 4130 excidio.
1050 4085 1164 4142 semper
1185 4074 1269 4128 erunt
1291 4084 1438 4142 prospera.

330 4242 361 4302 5.
397 4238 497 4316 Surge,
520 4248 629 4320 paster,
654 4244 727 4315 veni,
752 4244 862 4315 doctor,
925 4222 974 4303 iO.
1009 4243 1162 4304 Civitatem
1184 4242 1269 4300 istam
1291 4247 1340 4299 tuo

439 4326 499 4385 noli
520 4344 628 4387 moram
650 4327 746 4388 facere
1028 4329 1031 4336 '
1052 4329 1130 4387 muni
1151 4327 1321 4401 patrocinio,

395 4410 437 4470 Et
458 4419 587 4472 errantes
608 4415 683 4474 sicut
704 4432 772 4474 oves
1011 4417 1091 4486 Quae
1112 4419 1141 4472 te
1164 4413 1281 4487 proprio
1303 4411 1431 4484 suscepit

376 4560 380 4569 ,
440 4499 543 4573 collige
566 4500 739 4576 discipulos3
1052 4500 1212 4573 gaudenter
1234 4497 1368 4575 hospitio,

397 4585 490 4646 Decet
509 4585 586 4645 enim
608 4586 740 4646 habitare
1010 4585 1054 4644 Ne
1077 4585 1192 4657 gentilis
1213 4600 1340 4657 unquam
1363 4583 1390 4641 ei

438 4671 469 4730 iu
492 4672 576 4732 domo
598 4674 756 4732 unanimes.
1052 4670 1165 4742 gladius
1186 4672 1363 4744 praevaleat.
