3642 5550
318 609 354 659 Π.
380 610 421 659 De
440 608 551 659 Sanctis.
569 634 603 642 -
620 610 650 657 B.
669 612 769 674 Hymni
787 611 819 660 de
839 612 943 662 Sanctis
963 613 1074 676 Proprii.
1110 609 1131 661 Ι.
1158 614 1199 662 De
1217 613 1307 664 Beata.
1351 616 1412 677 143

445 786 474 843 5.
509 782 589 839 Haeo
612 787 691 839 casta
715 783 821 855 degens
843 788 961 856 pectore
983 785 1089 861 puella,

507 869 597 939 Quam
620 868 661 925 sic
681 868 827 940 ingressus
849 870 968 943 angelus
991 871 1116 928 salutat:

512 953 603 1029 „Ave
626 947 730 1031 Mari‘a,
755 954 966 1032 gradonicus,

649 1038 788 1097 Dominus
811 1038 938 1101 tecum“.

445 1246 473 1304 6.
507 1243 643 1303 Festinus
667 1244 771 1304 dehinc
793 1245 909 1304 nuntius
932 1247 1085 1306 adiunxit:
1108 1300 1110 1302 ,

514 1330 623 1407 „Beata
646 1330 703 1388 eris
726 1331 969 1406 intermulieres,

510 1416 550 1474 Et
571 1415 742 1474 benedictus
765 1415 875 1475 fructus
899 1417 1009 1475 ventris
1031 1418 1084 1492 tui,

648 1502 726 1575 Quae
749 1502 910 1563 credidisti.

445 1707 472 1767 7.
509 1704 645 1765 Gaudens
668 1706 698 1764 in
721 1706 819 1780 verbo,
843 1708 894 1766 sed
918 1706 1034 1767 turbata
1055 1709 1137 1783 virgo

508 1792 653 1865 Cogitans,
679 1808 729 1850 cnr
752 1792 787 1851 sit
810 1793 852 1851 ita
873 1793 1008 1867 salutata,

509 1877 657 1949 Quomodo
679 1879 771 1951 possit
792 1876 865 1957 fieri,
888 1895 962 1952 quac
985 1879 1059 1938 dixit

647 1964 775 2037 Angelus
798 1964 863 2028 Dei.

447 2170 476 2231 8.
511 2171 603 2241 Quam
626 2168 779 2228 adsecutus
802 2168 922 2228 Gabriel
943 2168 1078 2229 adfatur:

513 2254 598 2330 „Noli
622 2255 735 2331 timere,
759 2256 852 2329 gratia
874 2256 1003 2332 repleta3

509 2340 643 2399 Numinis
665 2340 718 2399 alti
738 2339 828 2399 filiurn
850 2340 977 2414 gestabis

649 2426 758 2485 Venire
781 2424 896 2489 beato.“

445 2634 473 2691 9.
509 2631 646 2704 Inquiens
668 2633 750 2705 virgo
772 2633 901 2690 nuntium
925 2633 1083 2705 perquirit:

398 2757 409 2770 .
510 2717 615 2793 „Unde
638 2717 692 2774 hoc
714 2716 807 2775 mihi?
852 2719 954 2778 Virum
976 2734 1033 2777 non
1056 2718 1185 2793 cognovi.
1282 2725 1285 2729 '

508 2803 657 2875 Quomodo
679 2804 772 2876 possit
793 2802 866 2877 fieri,
890 2821 964 2878 quae
987 2803 1070 2885 dicis,

647 2888 733 2948 Unde
755 2890 809 2948 hoo
831 2889 960 2948 sciam?“

429 3097 479 3158 to.
515 3095 569 3154 Coi
592 3100 711 3168 repente
734 3096 851 3170 angelus
874 3097 1041 3170 respondit:

512 3181 654 3257 „Spiritus
678 3187 793 3259 sanctus
816 3188 954 3255 superte
977 3182 1143 3254 descendit3

509 3266 590 3342 ideo,
614 3273 744 3325 sanctum
767 3267 843 3339 quod
867 3269 933 3343 erit,
956 3273 1076 3328 vocatur

647 3352 740 3412 Filius
762 3349 849 3413 Dei,“

425 3559 475 3618 11.
509 3557 579 3616 Mox
602 3572 687 3616 sacra
708 3557 789 3630 virgo
811 3558 913 3632 angelo
936 3557 1103 3630 respondit:

510 3643 614 3720 „Ecce²
639 3643 744 3701 ancilla
767 3642 883 3702 Domini
906 3659 968 3701 sum
991 3658 1062 3718 eg03

510 3728 664 3801 Contingat
685 3729 754 3786 mihi
777 3729 859 3787 iuxta
880 3728 998 3788 verbum
1022 3734 1113 3798 tuum,

648 3813 727 3873 Siout
750 3811 877 3875 dixisti.“

424 4014 474 4074 12.
509 4012 613 4074 Statim
637 4012 771 4071 discessit
792 4014 909 4087 angelus
933 4012 969 4071 ab
993 4027 1044 4088 ea3

505 4099 595 4172 Virgo
616 4095 756 4157 festinans
778 4098 851 4157 abiit
872 4103 1017 4170 montano,

506 4184 629 4244 Domum
651 4184 781 4257 ingressa
801 4183 962 4243 Zachariae
984 4182 1058 4243 vatis

648 4269 717 4328 Cum
741 4269 872 4329 caritate.

427 4467 477 4526 13.
512 4464 613 4524 Gloria
634 4481 743 4523 summo
766 4463 925 4524 referamus
948 4464 1034 4538 patri,

507 4550 560 4610 Cui
584 4551 744 4623 congaudet
765 4548 843 4608 filius
866 4549 989 4609 dilectus

508 4635 631 4695 Sanctus
653 4636 793 4708 simulque
816 4636 936 4709 spiritus
958 4638 1071 4693 creator

647 4724 683 4781 In
705 4721 922 4794 sempiternum.
