3642 5550
318 632 353 681 lI.
383 632 423 682 Do
442 631 554 682 Sanctis.
573 658 607 668 -
624 634 654 683 B.
673 633 773 695 Hymni
791 632 824 681 cle
842 631 947 681 Sanctis
964 632 1077 695 Proprii.
1113 632 1153 680 De
1172 647 1193 679 s.
1211 630 1329 681 Iohanne
1348 632 1399 682 Ev.
1441 632 1500 694 187

620 850 681 909 ton.
709 852 745 905 lrr
763 866 788 907 s.
807 850 953 907 lobannis
971 850 1197 918 Evangellstaa.

321 993 350 1051 1.
386 992 448 1050 Dec
471 993 548 1065 quod
570 997 650 1051 crtus
672 992 711 1049 sit
732 992 820 1063 Deus,
939 998 969 1054 5.
1003 995 1044 1053 Ut
1065 992 1137 1050 haec
1160 992 1270 1051 valeret
1291 992 1420 1050 scribere

387 1077 460 1135 Caro
482 1077 559 1135 idem
583 1093 618 1135 ex
641 1078 717 1136 alma
739 1078 850 1151 virgine
1003 1078 1125 1137 Perenni
1148 1077 1219 1137 hora
1241 1078 1366 1152 saeculo,

386 1163 507 1222 Creator
528 1169 614 1236 atque
636 1163 777 1235 conditor,
1001 1163 1102 1236 Quiete
1125 1162 1220 1232 discit,
1244 1164 1337 1221 rarior

386 1247 474 1306 Sacer
496 1244 640 1307 Iohannes
662 1248 780 1309 indicat.
1003 1249 1134 1306 Meretur
1156 1265 1218 1306 eam
1242 1249 1369 1307 castitas.

321 1404 349 1460 2.
386 1400 475 1458 Fides
498 1401 552 1459 hoc
575 1401 678 1483 hausit¹
691 1401 816 1459 omnium
941 1406 969 1462 6.
1004 1402 1154 1459 Verendus
1176 1408 1322 1460 aeternum
1344 1402 1427 1459 bonis

388 1486 536 1559 Teuctquc
559 1485 650 1544 lucem
674 1487 809 1560 gentium,
1005 1487 1084 1546 Citra
1107 1504 1238 1545 cruorem
1261 1488 1389 1545 creditur

385 1571 470 1629 Viccs
491 1587 545 1629 nec
567 1572 642 1629 ullas
663 1572 771 1645 accipit
1004 1574 1145 1632 Cacumen
1168 1574 1259 1631 altum
1281 1579 1438 1647 martyrum

386 1656 457 1715 Eius
482 1657 540 1716 diei
562 1657 664 1730 gratia.
1005 1657 1122 1730 Gepisse
1145 1659 1252 1718 sanctis
1274 1658 1411 1717 moribus

322 1814 352 1870 3.
389 1812 503 1869 Minora
524 1817 584 1870 tres
607 1828 671 1870 cum
694 1812 782 1870 ceteri
942 1815 969 1873 7.
1005 1815 1159 1872 Precamur
1181 1813 1262 1870 illum
1284 1812 1441 1885 supplices,

388 1897 516 1958 Colenda
539 1913 601 1955 csse
623 1898 836 1971 praenuntient,
1003 1899 1074 1956 Eius
1096 1905 1198 1971 potens
1220 1898 1313 1956 oratio

387 1982 459 2041 Avis
482 1982 530 2041 hic
552 1982 644 2042 instar
666 1984 782 2041 evolans
1005 1983 1095 2041 Nobis
1118 1989 1150 2041 ut
1171 1984 1244 2041 assit
1264 1982 1388 2041 servulis

389 2068 522 2126 Moratur
543 2068 573 2126 in
596 2068 762 2128 maioribus.
1003 2069 1081 2141 Tuis,
1106 2076 1220 2127 creator
1242 2069 1376 2127 omnium.

322 2224 353 2283 4.
388 2220 523 2293 Stupcret
545 2221 624 2279 istud
646 2222 797 2297 quispiam,
944 2224 973 2283 8.
1006 2223 1099 2281 Beata
1120 2221 1197 2295 patri
1219 2221 1320 2295 gloria,

339 2335 344 2339 ·
388 2307 470 2377 Quod
493 2322 556 2364 esse
578 2308 820 2379 perscrutantium
1006 2308 1097 2366 Beata
1119 2306 1173 2365 soli
1195 2306 1256 2365 filio

391 2390 470 2450 Solet
491 2392 580 2464 Deus,
604 2392 633 2450 ni
655 2393 685 2450 in
707 2398 826 2466 pectore
1007 2392 1131 2465 Utrique
1152 2408 1269 2465 compar
1290 2391 1408 2464 spiritus

391 2477 525 2535 Parasset
547 2477 598 2534 ille
620 2477 765 2540 lectulum.
1008 2478 1115 2551 Aequis
1138 2478 1216 2535 cluat
1237 2476 1401 2536 honoribus.

393 2612 542 2675 Fragment.
570 2628 618 2661 ms.
636 2614 779 2677 Hymnarii
800 2615 892 2665 incest.
912 2617 1007 2680 origin.
1027 2629 1095 2663 saec.
1118 2610 1158 2662 10.
1194 2612 1257 2664 Cod.
1276 2612 1387 2661 Beruen.
1406 2610 1451 2665 Ab
1470 2606 1504 2659 90

321 2677 393 2745 (pars
414 2678 462 2735 lat.
483 2708 517 2715 -
537 2679 557 2742 1,
578 2678 594 2730 2
612 2681 681 2731 idem
700 2686 733 2730 et.
769 2680 809 2745 (Iu
828 2682 927 2733 diesem
939 2685 1022 2733 Versa
1040 2682 1163 2747 (loppelte
1175 2682 1295 2742 Elisiou3
1314 2681 1360 2729 cfr.
1372 2676 1396 2739 3,
1415 2675 1432 2727 2
1451 2677 1504 2727 und

321 2745 354 2810 4,
378 2746 414 2813 3.)
439 2775 471 2784 -
496 2746 525 2812 l,
548 2746 566 2800 3
588 2749 718 2801 conditus.
739 2775 768 2786 ·-
788 2747 817 2812 2,
841 2748 926 2802 4Eis
948 2751 1011 2802 diei.
1028 2780 1062 2787 —
1081 2746 1112 2812 3,
1138 2747 1221 2800 lDie
1244 2753 1312 2814 „tres
1330 2744 1425 2798 coteri“
1445 2746 1505 2797 sind

322 2818 462 2870 natfirlich
486 2818 530 2869 die
547 2818 745 2886 Evangelisten.
764 2847 798 2854 —-
815 2817 846 2882 3,
870 2817 886 2870 2
905 2820 1023 2871 Colenda
1043 2819 1089 2870 sed
1108 2821 1300 2884 praenuntient.
1320 2845 1352 2852 -
1370 2818 1434 2866 Man
1451 2816 1505 2880 vgl.

324 2886 368 2937 die
386 2889 455 2939 Note
473 2887 781 2954 cumvorhergehenden
803 2889 935 2954 Hymnus.

627 3105 689 3177 164.
717 3107 753 3161 lrr
770 3122 796 3164 s.
815 3106 962 3164 Iolrarmls
980 3107 1205 3175 evangelistae.

329 3250 357 3308 1.
393 3247 460 3321 Hic,
483 3245 558 3306 festu
580 3248 659 3306 cuius
681 3247 841 3325 pangimus,
944 3251 974 3309 4.
1008 3249 1072 3306 Hoc
1094 3248 1153 3322 egit
1174 3249 1250 3307 alma
1272 3248 1398 3322 castitas,

392 3333 522 3392 Edoctus
544 3338 588 3391 cst
609 3333 770 3406 largissime
1009 3335 1070 3407 Qua
1092 3333 1184 3407 fulget
1205 3334 1297 3392 omnis
1320 3333 1467 3406 sanctitas,

395 3419 449 3476 lllo
472 3417 640 3476 recumbens
662 3425 790 3494 pectore,
1010 3421 1072 3490 Qua
1094 3420 1137 3478 sic
1158 3419 1300 3478 Iohannes
1323 3418 1435 3492 claruit,

393 3506 454 3574 Quo
477 3520 586 3561 summa
608 3508 652 3561 est
673 3504 802 3565 scicntia.
1010 3506 1051 3565 Ut
1072 3522 1155 3563 nemo
1178 3506 1243 3577 plus
1265 3503 1402 3563 fidelium.

329 3661 358 3717 2.
394 3657 503 3730 Regina
526 3657 600 3715 sicut
621 3658 717 3716 avium
946 3664 975 3721 5.
1011 3660 1165 3733 Rogandus
1188 3664 1231 3717 cst
1252 3677 1271 3717 a
1290 3653 1437 3736 servu[lis]

394 3742 601 3800 Transscendit
622 3743 678 3802 ista
701 3744 808 3816 nubila,
1012 3745 1067 3804 Hic
1089 3761 1189 3802 servus
1212 3743 1400 3815 admirabilis,

394 3827 442 3884 Sic
464 3834 566 3886 cuncta
589 3827 660 3886 felix
681 3830 825 3888 transiens
1011 3831 1052 3890 Ut
1075 3845 1143 3887 voce
1165 3830 1388 3887 clementissima

395 3912 491 3972 Invisa
511 3913 586 3972 vidit
606 3915 729 3976 saeculo.
1010 3916 1083 3975 Mali
1106 3916 1214 3988 releget
1236 3914 1358 3986 vincula,

330 4070 360 4129 3.
396 4066 468 4124 Tum
491 4066 580 4126 verba
602 4073 696 4126 ructat
718 4069 826 4141 optima
948 4074 977 4131 6.
1012 4070 1053 4129 Ut
1075 4074 1141 4127 vota
1163 4075 1262 4127 nostra
1283 4065 1373 4125 iudici

394 4152 439 4210 Dc
461 4153 553 4227 patris
575 4153 634 4211 alto
656 4152 726 4229 filio,
1015 4157 1080 4213 lesu
1102 4153 1225 4211 libenter
1248 4153 1348 4212 offerat

396 4238 479 4309 Quod
501 4243 594 4299 exstet
615 4246 682 4297 autc
701 4245 842 4316 tempora,
1012 4239 1198 4298 Poscentibus
1222 4245 1251 4295 et
1273 4238 1394 4312 gratiam

395 4323 449 4394 Qui
471 4329 554 4382 natus
577 4330 621 4382 cst
642 4324 672 4381 in
695 4330 833 4399 tempore.
1012 4326 1102 4383 Nobis
1126 4325 1264 4398 benignus
1287 4321 1427 4385 conferat.

636 4480 664 4539 7.
698 4479 776 4538 Deus
799 4484 883 4552 pater
906 4496 969 4538 cum
992 4478 1051 4538 filio

703 4565 863 4624 Paraclitus
887 4565 1066 4640 ecepimus,

702 4650 757 4709 Est
778 4667 832 4723 par
854 4649 957 4723 quibus
979 4649 1150 4724 sublimitas,

705 4735 764 4794 Nos
787 4736 925 4795 adiuvent
946 4735 977 4792 in
999 4735 1123 4796 saecula.
