3642 5550
320 611 383 677 302
629 613 695 664 Pars
716 615 749 664 11.
780 614 934 678 Hymnodia
950 615 1192 666 Hiberna-Celtica.

530 792 560 851 8.
594 788 698 849 Unitas
720 788 836 862 triplex,
858 793 888 846 te
910 787 1052 861 deprecor
1073 805 1126 863 per
1147 790 1282 887 meritam

595 874 641 933 Ne
662 875 786 948 imputes
808 873 879 931 mihi
901 880 1022 947 peecata
1042 875 1209 947 praeterita.

531 1034 560 1091 9.
595 1031 682 1100 Deus,
705 1030 769 1089 dele
792 1030 898 1089 delicta
920 1032 1094 1109 praesentia,

595 1116 663 1175 Pari
685 1116 771 1175 modo
793 1117 883 1176 multa
903 1115 1092 1179 imminentia.

511 1273 561 1333 10.
595 1272 640 1330 Tu
662 1270 812 1345 extinguas
834 1271 953 1345 maligni
974 1269 1078 1343 menia,

596 1358 637 1418 Ut
659 1356 714 1414 sim
736 1373 822 1416 sanus
844 1357 892 1415 hic
914 1361 943 1414 et
965 1356 995 1415 in
1018 1358 1142 1420 saecula.

387 1526 506 1577 Oration.
524 1542 572 1577 ms.
590 1525 766 1577 Aethelwoldi
783 1526 873 1592 Episo.
893 1525 1098 1590 (Etoeetensisi)
1115 1542 1185 1577 saec.
1206 1523 1231 1577 9.
1249 1528 1286 1575 in.
1323 1523 1389 1574 Cod.
1408 1521 1493 1572 Canta·

320 1597 432 1663 brigien.
450 1595 484 1646 Ll
501 1596 515 1645 I
535 1592 574 1646 10.
586 1594 661 1656 (Pars
673 1591 726 1656 11.).
739 1617 773 1629 -·
793 1592 805 1644 l
825 1596 905 1646 Helai
918 1595 1006 1644 Heloi.
1019 1621 1053 1629 -
1070 1593 1095 1657 4,
1113 1592 1130 1645 2
1148 1597 1199 1646 Die
1213 1594 1350 1645 Infinitive
1369 1592 1494 1655 abhangig

319 1681 371 1715 von
391 1659 571 1729 ⁴„miserore“:
599 1664 676 1714 Habe
705 1664 851 1714 Erbarmen
878 1680 938 1714 num
966 1664 1063 1714 Helfen
1090 1664 1143 1714 und
1171 1664 1311 1715 Sehiitnen.
1361 1658 1495 1711 Vielleieht

319 1734 395 1784 aber:
420 1733 528 1783 Adiuva
546 1749 601 1793 me,
618 1748 746 1783 conserva
763 1749 813 1783 me.
831 1757 864 1767 -
883 1731 912 1793 7,
938 1729 1078 1783 lsanetae
1095 1736 1188 1783 trinae.
1207 1759 1240 1767 -
1258 1727 1287 1791 8,
1313 1728 1325 1779 l
1347 1729 1494 1795 depraeoor;

319 1801 421 1853 danach
451 1801 587 1869 eingefiigt
612 1817 665 1852 von
692 1801 802 1852 anderen
824 1801 918 1854 Hand:
947 1818 1009 1866 „per
1035 1803 1149 1868 virginis
1172 1804 1275 1852 Mariae
1299 1805 1325 1850 et
1352 1802 1494 1849 sanctornm

319 1865 450 1922 tuorum“.
474 1896 508 1904 -
530 1867 559 1929 8,
585 1867 602 1919 2
625 1873 746 1935 inputas3
771 1865 867 1935 ,mihi“
895 1872 931 1919 ist
948 1886 1002 1920 von
1020 1870 1131 1921 anderen
1147 1871 1228 1921 Hand
1245 1868 1449 1935 eingeschoben.
1465 1879 1493 1900 -·

321 1937 368 2000 10,
392 1935 408 1988 2
431 1939 475 1989 hie
500 1942 528 1988 et
546 1941 574 1989 in
592 1940 679 1989 futuro
701 1939 821 2001 saecu103
845 1955 874 1988 so
893 1942 962 1989 erate
980 1939 1075 2000 Hand,
1097 1939 1209 1990 alsdann
1227 1955 1281 1988 von
1299 1939 1418 2003 spiterer
1434 1935 1493 1985 nach

321 2005 395 2073 „hio“
420 2007 569 2074 eingefligt:
597 2012 640 2074 „et
657 2010 685 2057 in
705 2008 812 2058 saecula
829 2003 932 2066 amen“‚
957 2008 1026 2057 ohne
1044 2007 1088 2057 die
1105 2007 1307 2073 nrspmingliehe
1325 2005 1426 2056 Sauria
1442 2020 1494 2054 aus·

320 2077 445 2145 nutilgen.

388 2147 443 2196 Der
460 2146 519 2195 Bau
543 2144 589 2196 des
613 2150 700 2195 ersten
717 2146 805 2196 'seiles
830 2145 883 2195 und
901 2144 1090 2196 verschiedone
1106 2145 1363 2196 Ausdrucksweisen
1381 2145 1493 2194 erinnem

299 2214 380 2281 ‚sehr
400 2230 435 2265 an
454 2208 570 2277 „Sancte
587 2210 679 2264 sator“
698 2213 753 2276 (Νι.
772 2211 840 2278 229),
857 2213 971 2264 welches
990 2230 1052 2264 man
1069 2215 1228 2281 vergleiohe.

617 2451 680 2507 232.
709 2451 881 2520 Symbolum
899 2449 972 2506 fidei
989 2450 1200 2518 rhythmicum.

939 2596 970 2654 4.
1006 2592 1061 2653 oei
1083 2595 1175 2666 patris
1197 2593 1363 2665 unigenitus

1003 2680 1058 2738 Est
1079 2680 1164 2736 matri
1187 2679 1405 2753 primogenitus,

1003 2766 1084 2824 idem
1106 2766 1169 2838 ipse
1190 2769 1353 2840 utrumque,

1003 2853 1049 2910 Ex
1071 2857 1192 2924 utroque
1213 2868 1287 2909 unus
1310 2851 1450 2911 Christus.

1004 2937 1084 2998 [iens
1105 2943 1190 3010 pater
1212 2937 1302 2995 donat
1324 2942 1393 2996 nato

1003 3024 1116 3083 Nomen
1137 3023 1227 3081 altam
1249 3038 1337 3095 super
1360 3028 1465 3093 cuncta,

1003 3110 1062 3167 Dat
1084 3110 1139 3167 hoo
1163 3108 1250 3166 verbo
1273 3109 1474 3182 pergratiam,

1004 3194 1062 3253 Sed
1086 3195 1200 3267 corpori
1224 3193 1368 3255 deificato.

323 2596 350 2658 1.
385 2591 473 2654 Altus
496 2600 596 2652 auctor
617 2594 752 2669 omnium,

385 2681 471 2740 Sator
493 2696 619 2740 summus
641 2680 829 2753 saeculorum,

385 2768 494 2840 Legum
517 2766 602 2839 lator,
625 2766 723 2839 largus
749 2765 843 2842 dator,

384 2852 433 2910 Ab
455 2851 586 2909 omnibns
609 2852 792 2924 adorandns3

386 2933 504 2997 Adonai
526 2937 716 3010 omnipotens,

386 3022 441 3095 Qui
463 3038 577 3080 mensus
601 3040 631 3080 es
653 3040 739 3081 manu
762 3040 850 3096 aquas

387 3109 426 3168 Et
450 3109 559 3167 caelum
581 3109 676 3181 palmo
699 3110 828 3167 contines

387 3195 564 3267 Terramque
581 3211 677 3268 pugno
700 3196 858 3257 concludis.

343 3412 351 3428 .
384 3366 484 3427 Bonus
507 3363 610 3442 factor,
634 3365 710 3424 bona
731 3366 817 3424 valde
936 3372 964 3428 5.
999 3365 1061 3440 ligo
1085 3383 1151 3424 sam
1174 3367 1236 3423 sine
1258 3365 1413 3440 principio,

386 3451 548 3512 Condidisti
572 3457 674 3509 cuneta
697 3452 846 3530 celeriter3

384 3540 462 3610 Quae
484 3538 596 3610 singula
620 3542 688 3594 sunt
709 3555 775 3596 nam
798 3538 882 3615 bona,

384 3623 474 3683 Simul
496 3624 591 3682 omnia
613 3623 683 3681 satis
706 3623 798 3700 bona,

384 3708 533 3769 Benedioo
554 3714 591 3787 te,
616 3725 668 3766 rex
691 3715 817 3783 aeterne,

999 3451 1056 3526 ραι·
1077 3469 1145 3510 sam
1166 3452 1228 3508 sine
1250 3449 1316 3523 fine,
1341 3451 1427 3526 Dens,

1000 3540 1068 3610 Ipse
1090 3553 1163 3594 unns
1185 3536 1360 3611 substantia,

1001 3623 1054 3695 Qui
1076 3623 1106 3680 in
1130 3622 1223 3680 tribus
1245 3621 1435 3684 subsistimus

1002 3709 1049 3769 Ex
1072 3707 1160 3766 corde
1182 3707 1274 3783 patris
1297 3709 1410 3781 genitus

385 3795 439 3866 Qui
462 3792 556 3852 fecisti
582 3794 773 3867 perverbum
796 3801 875 3853 tuum

385 3882 447 3939 Ima
470 3885 498 3938 et
520 3897 630 3938 summa
651 3881 785 3938 universa

384 3966 495 4039 Quique
517 3966 592 4039 regis
616 3971 728 4042 cuncta,
751 3966 839 4028 Dens.

344 4184 351 4197 .
388 4134 460 4198 (inm
484 4143 561 4195 esset
582 4136 638 4195 Dei
659 4137 759 4196 unicus

385 4224 477 4282 Natus
499 4227 612 4295 natura,
635 4240 692 4281 non
716 4222 800 4296 dono,

386 4309 493 4367 Factus
515 4308 638 4367 hominis
661 4307 737 4366 filius

386 4395 493 4455 Plenus
515 4395 609 4468 gratia
630 4411 684 4467 per
705 4395 828 4471 donnm3

388 4476 459 4540 (ium
484 4479 617 4554 virginali
638 4480 669 4538 in
691 4485 773 4538 utero

387 4566 491 4639 Coepit
513 4581 576 4624 esse
598 4566 729 4627 Christus
751 4566 845 4642 honio,

387 4652 453 4710 Non
476 4650 641 4710 aliudesse
665 4652 759 4724 coepit

388 4737 482 4796 Homo
494 4743 622 4812 coeptus,
634 4754 717 4810 quam
727 4738 783 4796 Dei
794 4742 887 4798 natus.

1002 3796 1118 3853 Summa
1140 3794 1283 3867 sapientia
1305 3793 1397 3865 filins3

1001 3879 1184 3939 Procedebat
1205 3881 1372 3954 paracletus
1399 3951 1402 3958 ,

1001 3967 1047 4024 Ex
1070 3965 1210 4025 ambobus
1230 3965 1383 4025 indivisus.

950 4137 969 4199 ¹.
1004 4135 1090 4197 Fidei
1112 4140 1228 4194 nostrae
1252 4133 1462 4194 fundamentum

1004 4223 1135 4281 Christus
1157 4222 1238 4280 Iesus
1261 4221 1423 4294 crucifixus,

1004 4309 1049 4367 De
1071 4324 1180 4366 summo
1203 4307 1296 4381 patris
1319 4307 1377 4365 ima
1393 4311 1483 4379 petens,

1003 4395 1044 4454 Ut
1066 4410 1117 4452 nos
1140 4393 1178 4452 ad
1200 4393 1260 4451 alta
1282 4398 1439 4451 revocaret.

1002 4478 1237 4540 Fundamentum.
1256 4476 1311 4536 hoo
1333 4478 1463 4537 habentes

1006 4568 1040 4624 In
1063 4564 1194 4638 supernis
1216 4564 1288 4622 satis
1311 4565 1402 4623 altum

1005 4653 1080 4710 Illuc
1101 4654 1196 4708 mente
1216 4650 1414 4721 ascendamus,

1005 4737 1065 4796 Ubi
1089 4738 1191 4795 dextra
1213 4735 1269 4795 Dei
1289 4736 1383 4810 patris
1398 4741 1450 4795 est.
