3642 5550
321 588 383 652 216
562 588 628 639 Pars
646 588 667 638 1.
702 588 803 651 Hymni
821 588 999 653 antiquissimi
1019 602 1087 638 saec.
1105 588 1219 638 v.-x1.

326 766 356 823 3.
391 763 476 819 Hunc
498 776 561 819 esse
583 767 694 834 patrem
717 760 828 834 patriae
929 762 958 820 8.
995 760 1077 818 Nunc
1098 760 1204 834 gaudet
1226 762 1255 818 iu
1280 776 1370 833 reguo
1394 760 1446 817 Dei

387 848 524 906 Laetetur
547 848 638 905 omnis
662 847 774 918 suevia,
991 845 1120 904 Functus
1143 862 1246 904 corona
1270 846 1401 923 praemii,

385 935 440 993 His
469 939 552 991 natus
581 933 631 990 hos
655 947 730 990 nunc
752 928 885 989 confovet
990 933 1079 1004 Quam
1104 931 1234 991 Christus
1258 932 1302 990 illi
1325 932 1465 1004 reddidit,

388 1018 534 1076 Placaudo
565 1018 711 1078 Christum
741 1017 884 1091 plebibus.
993 1019 1049 1076 Pro
1071 1033 1126 1090 quo
1149 1017 1262 1076 labores
1285 1018 1412 1078 sustulit.

323 1212 353 1270 4.
390 1208 446 1264 llic
469 1207 544 1265 dona
569 1207 660 1265 sancti
683 1206 801 1279 spiritus
925 1208 954 1264 9.
989 1205 1087 1279 Gallo,
1110 1206 1185 1277 patri
1208 1206 1358 1274 laudabili,

385 1293 508 1367 Accepit
529 1294 611 1350 anuis
635 1292 772 1365 parvulis,
988 1291 1141 1349 Otbmarus
1164 1290 1254 1349 abbas
1277 1292 1413 1368 iungitur,

389 1381 486 1451 Ipsum
511 1378 638 1436 datorem
660 1393 806 1434 munerum
988 1378 1076 1434 Istum
1101 1376 1194 1433 locum
1217 1377 1265 1448 qui
1289 1377 1395 1448 iugiter

388 1464 532 1537 Spargeus
556 1464 583 1520 in
607 1480 673 1521 oras
696 1468 819 1521 exterus.
989 1462 1131 1519 Tuteutur
1153 1467 1182 1518 et
1205 1478 1256 1519 nos
1278 1463 1435 1534 supplices.

324 1656 352 1712 5.
387 1653 491 1711 Omnes
515 1652 621 1724 gradus
643 1651 690 1708 hic
712 1649 865 1723 presbyter
906 1652 955 1709 10.
989 1649 1102 1706 Virtute
1123 1656 1214 1708 semet
1237 1652 1335 1709 vivere

386 1738 476 1796 Ornat
498 1736 590 1795 beatis
614 1736 750 1806 moribus,
989 1736 1175 1794 Demonstrat
1191 1736 1258 1794 binc
1270 1735 1463 1811 credentibus,

324 1836 327 1844 ·
388 1823 468 1881 Patri
491 1838 592 1895 preces
614 1821 780 1880 caelestium
990 1820 1113 1897 Certum,
1131 1820 1189 1879 fide
1204 1821 1280 1894 quod
1292 1821 1464 1894 quaerimus,

385 1905 473 1966 Votis
497 1908 608 1966 litando
628 1922 787 1967 munerum.
990 1906 1115 1965 Praebet
1137 1914 1221 1980 pater
1244 1908 1400 1981 piissimus.
1424 1956 1435 1972 ,

322 2098 352 2156 6.
384 2095 545 2154 Communis
568 2095 615 2153 bic
638 2096 713 2153 vitae
735 2100 814 2154 sator
904 2095 954 2153 11.
988 2092 1111 2153 Effunde
1133 2111 1226 2167 voces,
1251 2095 1334 2167 plebs
1356 2095 1424 2169 Dei,

384 2181 424 2239 Et
446 2198 564 2257 maguus
588 2186 683 2238 exstat
706 2180 848 2249 conditor,
989 2180 1148 2239 Commissa
1171 2178 1245 2238 defle
1268 2181 1362 2254 noxia,

386 2268 536 2326 Praelatus
559 2267 648 2324 abbas
671 2266 774 2325 ineolis
988 2267 1076 2324 Astat
1098 2272 1216 2340 rogator
1238 2267 1358 2338 gratiae,

386 2353 477 2411 Huius
500 2352 556 2411 loci
579 2352 767 2425 praenobilis.
991 2351 1128 2410 Reddens
1140 2368 1272 2425 aequum,
1284 2354 1361 2423 quod
1370 2350 1496 2423 suscipit.

324 2542 350 2603 7.
385 2540 433 2598 Fit
456 2556 566 2614 pauper
587 2540 635 2597 hio
656 2557 709 2611 pro
731 2556 858 2613 paupere
906 2543 955 2601 12.
988 2540 1125 2613 Absolve,
1149 2540 1379 2611 clementissime,

386 2628 510 2684 Cunctos
534 2632 649 2698 egentes
672 2623 837 2698 confovens,
990 2627 1073 2685 Nexu
1096 2627 1199 2699 ligatos
1222 2627 1361 2700 criminis,

387 2714 472 2781 Ilum,
495 2712 571 2783 quod
596 2711 645 2768 dat
668 2712 728 2767 eius
744 2713 882 2791 purvuliS,
991 2710 1098 2769 Delens
1115 2713 1227 2787 malum,
1249 2713 1324 2785 quod
1342 2713 1465 2786 respuis,

389 2797 533 2855 tfbristum
556 2803 714 2871 respectet,
738 2796 885 2858 fratribus.
991 2798 1112 2856 Addens
1122 2797 1235 2870 bonum,
1248 2800 1324 2870 quod
1334 2800 1464 2872 respicis.

619 2986 668 3045 13.
703 2984 781 3043 Laus
804 2987 981 3058 sempiterno
1003 2986 1041 3043 sit
1063 2987 1140 3058 patri

701 3070 763 3127 Nec
786 3088 842 3129 non
864 3071 985 3144 perenni
1007 3069 1067 3129 tilio

704 3156 865 3229 Sanctoque
889 3157 928 3214 sit
949 3156 1099 3229 spiramini

702 3243 759 3300 Per
779 3244 956 3300 saeculomm
981 3243 1104 3304 saecula.

388 3426 553 3475 Procession.
572 3442 619 3475 ms.
639 3427 812 3491 Sangallense
831 3443 898 3478 saec.
919 3425 959 3477 12.
990 3428 1054 3479 Cod.
1067 3429 1220 3493 Sangalleu.
1239 3425 1298 3480 360.
1310 3430 1496 3480 —Vielleicbt

319 3493 426 3612 gatti&
445 3493 678 3613 loellsmlditgrgdreim
697 3497 854 3547 anzusehen.
873 3523 908 3530 -
925 3498 979 3545 Frir
996 3492 1111 3562 liutpert
1128 3498 1169 3546 als
1188 3499 1325 3547 Verfasser
1343 3499 1403 3548 sind
1422 3500 1495 3548 keiue

631 3811 636 3821 '
676 3833 737 3889 iss.
765 3833 800 3888 In
819 3849 860 3890 ss.
879 3834 968 3889 roan
986 3834 1018 3889 oe
1036 3835 1138 3891 roura

491 4009 519 4067 1.
554 4011 651 4066 Aurea
674 4009 737 4066 luce
760 4016 789 4066 et
813 4011 916 4068 decore
939 4029 1031 4083 roseo,

553 4093 616 4150 Lux
640 4095 722 4163 lucia
747 4112 829 4153 omne
852 4094 1008 4169 perfudisti
1031 4097 1175 4154 saeculum

554 4179 701 4238 Decorans
724 4181 818 4238 caelos
841 4182 940 4239 inclito
964 4184 1101 4255 martyrio

552 4264 615 4322 Hac
635 4281 717 4323 sacra
741 4267 796 4343 die,
821 4284 893 4339 quae
917 4269 967 4325 dat
989 4269 1046 4326 reis
1068 4269 1191 4328 veniam.

491 4454 520 4512 2.
556 4452 664 4510 Ianitor
687 4453 768 4524 caeli,
793 4455 894 4512 doctor
916 4456 995 4513 orbis
1017 4457 1138 4532 pariter,

557 4537 671 4594 ludices
694 4539 790 4617 saecli,
815 4556 883 4597 vera
906 4542 1005 4599 urundi
1029 4543 1146 4614 lumina,

553 4623 608 4678 Per
630 4640 742 4681 crucem
766 4625 849 4698 alter,
873 4627 948 4683 alter
969 4642 1036 4684 ense
1058 4627 1241 4701 triumphans

553 4707 635 4766 Vitae
657 4715 790 4767 senatum
814 4711 935 4769 laureati
957 4713 1116 4784 possident.
