3642 5550
318 618 381 681 228
586 619 652 668 Pars
669 619 690 667 I.
725 617 826 682 Hymni
845 618 1025 680 antiquissimi
1043 632 1111 667 saec.
1130 618 1244 668 V.-XI.

322 799 350 855 5.
385 792 441 849 Hic
464 791 642 865 conglobatis
664 791 760 864 impiis
936 794 965 852 7.
999 792 1076 850 Hinc
1098 788 1177 850 tacta
1199 790 1362 847 coniuratio

383 878 520 936 Miranda
542 875 601 935 fert
622 879 768 954 oranrina3
998 878 1155 935 Tormenta
1177 876 1206 932 in
1229 875 1311 932 illurn
1336 875 1446 947 dirigit,

384 964 445 1033 Quo
467 963 506 1019 sit
529 964 652 1021 refertus
675 963 788 1037 spiritu,
1001 964 1039 1021 Et
1062 962 1104 1019 sic
1127 962 1253 1019 cruentis
1275 960 1407 1019 brachiis

383 1048 491 1107 Pandit
513 1049 657 1121 loquendo
679 1049 819 1123 sophiam.
999 1048 1097 1107 Sancti
1119 1052 1270 1106 cruentant
1292 1046 1422 1105 brachia.

321 1259 348 1316 6.
385 1256 464 1326 Quae
488 1255 565 1314 dicta
586 1262 631 1313 sat
653 1254 790 1333 salubria,
935 1259 965 1317 8.
999 1252 1130 1312 Infausta
1152 1259 1262 1325 martyr
1284 1258 1412 1311 attamen

384 1342 453 1399 Alto
476 1340 573 1398 retusa
595 1347 722 1416 pectore,
999 1340 1084 1398 Haud
1107 1344 1190 1412 optat
1210 1338 1438 1411 insequentibus,

383 1426 566 1485 obscuritate
588 1433 778 1498 commonent,
1000 1428 1108 1486 Verum
1131 1424 1239 1482 remitti
1262 1424 1393 1496 postulat

384 1512 558 1583 Quaerenda
580 1513 657 1585 qnod
680 1513 739 1571 sint
761 1512 867 1573 sobrie.
1000 1510 1086 1569 Tanti
1108 1508 1190 1569 nefas
1213 1509 1398 1583 peccaminis.

615 1720 644 1777 9.
679 1717 772 1776 Huius
795 1723 905 1794 rogatu,
930 1731 1108 1793 quaesumus,

679 1803 801 1876 Depelle
823 1808 924 1861 nostra
946 1802 1074 1878 crimina,

680 1889 808 1948 Colenda
830 1903 946 1961 semper
966 1888 1093 1963 trinitas

677 1975 817 2047 Aequalis
842 1980 886 2033 est
908 1974 954 2032 cui
975 1973 1076 2047 gloria.

387 2178 536 2241 Fragment.
557 2192 603 2227 ms.
622 2179 765 2242 Hymnarii
789 2180 880 2228 incert.
908 2180 1003 2244 origin.
1023 2193 1090 2229 saec.
1110 2174 1150 2228 10.
1188 2176 1251 2226 Cod.
1269 2178 1382 2226 Barnun.
1401 2175 1446 2225 Aa
1462 2170 1489 2222 90

318 2244 390 2310 (pars
411 2243 458 2309 19).
477 2274 509 2282 —
530 2243 553 2307 1,
571 2241 588 2296 3
606 2261 697 2296 servos
717 2247 821 2297 nisibus
838 2245 913 2309 (statt
930 2246 1032 2312 viseret

690 2518 752 2575 198.
781 2520 816 2573 ln
834 2517 935 2575 sancti
952 2516 1113 2587 Stephani.

323 2696 347 2753 1.
382 2692 519 2751 Primatis
542 2694 625 2751 aulae
648 2694 773 2752 caelicae
935 2697 965 2753 4.
1000 2694 1088 2764 Quam
1113 2694 1205 2766 dulce,
1228 2697 1340 2765 martyr
1361 2693 1466 2767 inclite,

385 2779 468 2837 Nunc
491 2777 566 2836 festa
588 2787 716 2853 pangant
741 2782 883 2853 gnaviter,
1000 2780 1067 2837 Tibi
1089 2785 1229 2852 pararunt
1252 2780 1359 2854 vivere,

386 2864 552 2937 Quicunque
574 2865 682 2925 Christi
704 2867 797 2938 gratia
1000 2865 1054 2935 Qui
1077 2873 1169 2924 morte
1192 2875 1220 2922 te
1243 2865 1432 2938 pessumdare

382 2951 530 3021 Quaerunt
551 2951 645 3010 iuvari
668 2952 778 3017 sedula.
1001 2953 1090 3011 Cassa
1111 2957 1282 3024 putaverant
1305 2952 1403 3008 strue!

320 3157 349 3214 2.
383 3155 440 3213 llic
462 3171 565 3228 nempe
587 3156 697 3227 primus
720 3156 844 3214 omnium
935 3161 964 3217 5.
999 3157 1085 3214 Nunc
1106 3170 1183 3230 ergo,
1208 3155 1313 3213 domne
1336 3154 1486 3230 Stephane,

384 3241 439 3298 Per
461 3242 561 3298 mortis
585 3258 651 3299 acre
675 3242 808 3314 poculum
998 3242 1076 3316 Noli,
1100 3256 1260 3318 precamur,
1286 3256 1437 3312 spernere,

383 3326 479 3398 Ipsum
503 3324 558 3383 fuit
581 3342 677 3400 regem
701 3326 760 3399 poli
1000 3328 1131 3386 Dilector
1154 3326 1323 3402 odientium,

380 3410 492 3485 Dignus
514 3412 594 3484 sequi
617 3413 710 3471 victor
731 3413 809 3475 mali.
999 3412 1092 3471 Voces
1116 3411 1169 3468 tibi
1191 3411 1390 3484 psallentium.

319 3620 352 3676 3.
386 3616 469 3688 Quod
490 3631 560 3674 saxa
584 3617 691 3675 dudum
714 3619 856 3676 triverant
939 3621 969 3680 6.
1002 3619 1132 3691 Dignarc
1154 3616 1237 3705 nobis
1260 3617 1406 3675 caelicum

386 3703 433 3759 lra
457 3708 545 3774 caput
565 3702 693 3779 Iudaica,
1004 3704 1123 3762 Placare
1147 3705 1271 3761 clemens
1294 3703 1451 3780 arbitrum,

385 3786 481 3861 Cingit
505 3787 618 3845 beatum
643 3789 697 3848 hoc
719 3795 843 3847 stemma>
1000 3789 1117 3848 Amoris
1140 3797 1172 3846 ut
1194 3787 1339 3846 sanctifici

382 3874 439 3931 Per
462 3879 565 3931 cuncta
589 3890 657 3931 sane
679 3880 820 3946 tempora.
999 3874 1135 3947 Caelique
1157 3874 1245 3931 simus
1267 3881 1430 3946 compotes.

628 4082 656 4139 7.
690 4080 820 4154 Praesta,
844 4086 937 4153 pater,
962 4096 1026 4139 cum
1047 4078 1108 4137 filio

688 4165 791 4223 Totum
815 4181 917 4239 regens
940 4172 969 4223 et
992 4165 1114 4242 spiritu,

691 4250 745 4308 Cui
768 4250 806 4308 sit
828 4251 964 4323 perennis
986 4252 1078 4324 gloria

689 4336 747 4396 Uni
770 4336 832 4394 Deo
855 4353 908 4408 per
931 4337 1055 4398 saecula.

388 4537 465 4600 Trop.
486 4540 520 4586 et.
539 4539 636 4601 Hymn.
656 4554 703 4588 ms.
722 4539 906 4590 Rhenoviense
923 4539 945 4602 (i
953 4538 1135 4606 Sangallense)
1152 4556 1222 4606 saec⁴
1240 4538 1280 4591 11.
1300 4543 1339 4590 in.
1370 4545 1437 4596 cod.
1455 4546 1502 4594 Tu-

321 4604 401 4651 ricen.
419 4604 503 4654 Rhen.
524 4602 565 4655 97.
584 4633 616 4640 —
635 4604 665 4667 3,
690 4603 706 4656 3
725 4607 815 4674 cingit
831 4625 901 4658 nunc
919 4610 1033 4658 beatum.
1053 4635 1086 4644 -
1104 4607 1133 4670 5,
1158 4607 1217 4659 2u.
1235 4605 1252 4659 3
1270 4614 1442 4677 umgestellt3
1461 4614 1501 4663 da-

319 4670 401 4720 durch
420 4673 535 4723 entsteht
551 4675 706 4739 gekreuzter
718 4678 801 4736 Reim,
820 4677 865 4726 der
880 4678 938 4726 dem
951 4693 1053 4742 ganzen
1066 4681 1091 4728 H
1111 4694 1186 4727 mnus
1202 4678 1257 4728 und
1268 4679 1425 4753 uberhaupt
1437 4682 1500 4736 wohl

320 4740 371 4794 den
390 4740 513 4812 Hymnen
532 4758 579 4795 aus
598 4744 684 4800 dieser
701 4745 812 4801 Periode
829 4745 912 4802 fremd
930 4747 973 4802 ist.
992 4773 1023 4780 -
1042 4746 1066 4814 6,
1084 4696 1254 4803 {arbita-em.
