3642 5550
318 592 381 657 322

342 771 371 828 3.

343 1608 373 1666 4.

624 592 690 642 Para
708 592 744 641 11.
779 591 934 655 Hymnodia
951 590 1193 641 Hibernotleltiea

405 762 606 839 Contemptum
628 763 818 824 mundialium

405 852 591 925 Voluptatum
614 850 817 924 praesentium,

405 936 546 998 Vitiorum
568 935 761 995 firmissimum

405 1022 536 1082 Infirmos
561 1021 781 1095 devastantium,

407 1108 574 1185 Verborum,
599 1107 800 1179 cogitaminum

403 1197 491 1255 Parte
513 1193 595 1253 laeva
617 1194 793 1252 versantium

404 1278 577 1341 Contiuebot
599 1294 652 1352 per
674 1279 815 1338 viscerum

406 1365 524 1425 Secreta
546 1364 735 1439 vigilantium.

407 1604 518 1665 Doctus
540 1605 569 1662 in
590 1605 644 1663 Dei
667 1605 778 1678 legibus

405 1691 519 1749 Divinis
542 1690 726 1769 dictionibus,

406 1776 522 1835 Dilatus
545 1776 652 1835 sanctis
674 1777 777 1851 opibus

406 1861 470 1921 Deo
492 1877 607 1935 semper
629 1862 819 1935 placentibus,

406 1946 566 2007 Dedicatus
588 1948 618 2006 in
640 1948 775 2020 moribus,

407 2032 463 2091 Dei
485 2031 614 2092 stefanus
638 2033 747 2112 hagios,

407 2118 539 2178 Docebat
559 2119 602 2177 sic
624 2124 653 2178 et
675 2125 786 2179 ceteros

407 2204 495 2263 Dicta
517 2206 603 2265 docta
622 2205 768 2277 operibus.

362 2495 370 2510 .
404 2443 501 2519 Illegit
522 2462 540 2503 a
562 2444 732 2518 primordio,

404 2532 485 2602 Quod
509 2538 572 2589 erat
593 2530 623 2588 in
645 2531 798 2606 principio,

404 2618 561 2675 Aeternum
584 2615 719 2694 Verbum,
742 2624 864 2691 paterno

403 2703 573 2761 Eructatum
596 2703 776 2761 sanctissimo

404 2789 499 2848 Corde
521 2805 619 2846 verum
642 2789 792 2865 altissimo,

404 2873 494 2932 Carus
518 2874 611 2932 eidem
633 2874 732 2934 lucido

403 2959 511 3032 Pignus
533 2960 685 3033 praeclaro
706 2961 811 3036 auimo,

405 3045 546 3104 Constans
568 3061 657 3120 opere
679 3046 805 3119 placido.

364 3325 370 3340 .
404 3274 549 3350 Vulgabat
572 3277 624 3335 alti
647 3274 758 3351 fulgore

403 3362 477 3422 Solis
500 3362 572 3434 viee,
595 3363 625 3420 in
649 3363 756 3421 vertice

404 3447 562 3508 Rut-ilautis
585 3447 715 3522 meridie,

403 3533 489 3592 Fidei
512 3533 694 3611 claritudine,

404 3618 596 3678 Confirmatus
619 3636 654 3678 ex
677 3621 787 3678 viscere

405 3707 439 3763 Iu
461 3704 524 3764 Deo
546 3721 660 3779 semper
682 3704 782 3780 fidere,

404 3788 558 3850 Confidens
581 3791 786 3850 sanctimoniae

405 3877 565 3950 Praecipue
587 3878 752 3937 munimine.

362 4153 370 4167 .
405 4101 551 4168 Gaudium
574 4107 668 4166 sancti
690 4107 810 4180 spiritus

405 4190 540 4250 Habebat
560 4191 590 4249 in
613 4192 781 4270 visceribus,

405 4277 533 4353 Regnum
558 4277 633 4349 quod
655 4286 699 4336 est
713 4278 882 4337 sublimibus

404 4362 466 4421 Deo
490 4363 615 4440 dignum,
639 4369 667 4421 et
689 4361 794 4423 lortius

406 4447 541 4507 Gladium
565 4465 677 4521 quoque
699 4449 818 4523 spiritus

406 4533 546 4593 Levatum
567 4535 606 4593 ad
629 4535 828 4608 nequissimos,

406 4619 468 4689 Quo
490 4626 686 4692 prosterneret
710 4620 859 4695 superbos,

405 4704 518 4763 Tenens
547 4705 654 4765 sanctis
684 4705 713 4764 in
741 4705 881 4771 manibus.

957 767 987 828 8.

959 1609 988 1667 9.

940 2446 989 2509 10.

937 3279 986 3340 11.

936 4108 984 4169 12.

1019 763 1160 835 Humilis,
1184 768 1310 835 sanctus,
1333 760 1484 834 benignus,

1019 850 1132 911 Probus
1153 850 1183 907 in
1206 849 1260 907 Dei
1283 846 1406 922 legibus,

1021 937 1179 1007 Humanus‚
1203 935 1305 1003 iustus,
1322 932 1496 1005 commodus,

1020 1021 1189 1081 Laudabilis
1212 1020 1242 1078 in
1265 1017 1403 1094 moribus,

1021 1107 1131 1166 Hilaris
1154 1105 1244 1177 vultu,
1268 1104 1384 1164 sobrius

1022 1194 1158 1252 Caritatis
1180 1192 1210 1249 in
1232 1189 1363 1264 floribuS,

1021 1279 1182 1337 Decoratus
1204 1277 1356 1336 ordinibus

1020 1367 1127 1425 Factus
1150 1362 1244 1437 palam
1268 1361 1449 1422 mortalibus.

1021 1603 1059 1665 In
1082 1603 1234 1677 scripturis
1256 1604 1398 1678 eruditus,

1023 1691 1183 1763 luspiratus
1206 1688 1357 1761 divinitus,

1021 1778 1055 1835 In
1077 1775 1264 1834 sacramentis
1287 1775 1427 1847 providus

1022 1862 1174 1922 canonicis
1195 1857 1354 1930 adfatibus,

1023 1947 1140 2008 Veteris
1161 1946 1229 2006 ucvi
1250 1945 1365 2004 actibus

1024 2032 1201 2092 Testamenti
1222 2029 1432 2105 praefulgidus,

1025 2121 1154 2179 Feruens
1169 2117 1457 2196 spirituffiplacidus,

1026 2205 1088 2264 Dec
1109 2221 1193 2263 carus
1215 2208 1245 2261 et
1266 2203 1424 2277 piissimus.

1022 2444 1160 2505 Kalcavit
1188 2442 1325 2501 mundum
1348 2442 1496 2502 subdolum

1023 2530 1166 2589 Karitatis
1189 2545 1243 2602 per
1264 2528 1401 2602 studium,

1023 2614 1177 2674 Kastitatis
1199 2613 1406 2685 firmissimum,

1022 2702 1218 2759 Kontemuens
1240 2715 1324 2757 omne
1346 2701 1457 2777 vitium,

1021 2789 1155 2846 Insereus
1177 2803 1276 2863 agrum
1298 2784 1441 2861 floridum,

1020 2874 1125 2932 Pectus
1147 2873 1291 2931 adornans
1313 2872 1450 2948 lucidum,

1020 2958 1157 3017 Divinum
1181 2957 1387 3031 habitaculum,

1021 3045 1110 3103 Trino
1132 3044 1246 3103 nomine
1267 3043 1419 3102 sancitum.

1020 3275 1199 3350 lampadem
1222 3273 1383 3347 sapientiae

1021 3361 1176 3421 Constituit
1197 3361 1225 3418 in
1249 3366 1376 3437 pectore,

1019 3449 1053 3506 In
1076 3447 1211 3506 thesauro
1232 3446 1372 3504 scientiae

1021 3533 1144 3592 Condito
1165 3531 1220 3590 Dei
1242 3547 1368 3609 munere,

1020 3617 1216 3679 Inflammatus
1238 3633 1414 3690 magnopere

1021 3707 1100 3764 Luce
1122 3719 1208 3762 verce
1229 3702 1366 3780 iustitiae,

1020 3791 1174 3849 Exaltatus
1196 3789 1352 3847 munimine

1021 3876 1121 3950 Legis,
1144 3874 1264 3947 spiritus
1285 3874 1412 3935 litterae.

1019 4106 1155 4180 Magnum
1183 4104 1340 4178 apprendit
1365 4105 1493 4165 brodium

1019 4195 1147 4252 Aeterna
1170 4191 1229 4250 vita
1252 4190 1423 4264 condignum

1019 4278 1153 4352 Adeptus
1181 4283 1310 4336 sanctum
1340 4278 1492 4349 praemium

1021 4365 1093 4423 Post
1114 4363 1241 4422 laborem
1264 4360 1466 4434 firmissimum,

1021 4450 1110 4510 Cuius
1133 4446 1293 4522 perlectum
1315 4450 1447 4508 meritum

1021 4535 1162 4594 Vocamus
1185 4535 1214 4591 in
1237 4533 1387 4609 auxilium,

1020 4621 1061 4681 Ut
1082 4636 1242 4680 mereamur
1264 4619 1389 4678 omnium

1020 4706 1161 4766 Vitiorum
1184 4704 1338 4766 excidium.
