3642 5550
320 622 383 685 234
588 619 653 669 Pars
669 620 691 668 Ι.
725 619 825 683 Hymni
843 619 1022 684 antiquissimi
1040 634 1109 669 saec.
1127 619 1241 669 v.-xl.

548 795 577 852 9.
613 792 675 850 Hoc
697 793 759 851 loco
783 794 904 851 cultrum
927 794 1004 852 socio
1026 794 1149 852 retraxit

610 878 767 951 impudens
790 879 915 952 quidam,
940 896 1030 939 vacua
1051 880 1103 937 sed
1126 896 1199 938 urna

610 966 709 1023 Mente
731 971 870 1038 percepta
892 965 1039 1038 Stephano
1061 964 1177 1024 iubente

730 1050 871 1109 Reddidit
891 1051 995 1124 ipsum.

529 1222 577 1280 10.
613 1224 708 1294 Aeger
730 1227 758 1279 et
780 1221 920 1280 balbus
943 1220 1077 1294 vitiisque
1099 1222 1201 1295 plenus

612 1308 668 1366 Ore
690 1308 800 1381 polluto
822 1308 961 1380 Stephani
984 1307 1143 1381 triumphos

613 1393 757 1452 Notker
778 1394 915 1467 indignus
938 1394 1028 1452 cecini
1051 1395 1164 1453 volente

732 1479 868 1538 Praesule
889 1485 999 1554 sancto,

530 1650 578 1709 11.
611 1649 699 1707 Flore
721 1650 905 1711 Reddimus
926 1651 1058 1709 iuvenale
1080 1650 1129 1723 qni
1152 1666 1226 1708 nnnc

614 1736 670 1793 Gor
692 1751 789 1793 senum
813 1742 929 1809 gestans
950 1736 1058 1793 senium
1082 1736 1183 1794 heatus

613 1823 657 1878 Ac
679 1821 735 1894 piis
758 1822 859 1894 plenus
883 1823 992 1879 meritis
1015 1823 1114 1882 videre
1173 1851 1178 1862 ·

732 1907 942 1968 Promereatnr.

530 2081 580 2140 12.
615 2079 698 2137 Pacis
722 2084 822 2153 optata
844 2081 957 2152 potiens
980 2080 1075 2151 quiete

613 2164 712 2221 Hostis
736 2171 763 2221 et
788 2164 866 2223 diros
890 2181 1029 2238 superans
1052 2180 1211 2237 mucrones,

613 2250 702 2320 Quem
726 2247 824 2309 furens
847 2252 925 2308 misit
947 2252 1055 2309 Boreas
1079 2249 1234 2323 fugandum

734 2337 787 2394 Vel
810 2336 1018 2411 perimendum,

532 2508 581 2567 13.
617 2508 657 2567 Ut
679 2507 818 2565 trinitatis
840 2507 993 2565 benedicta
1017 2506 1107 2566 virtus

614 2591 744 2650 Aedibus
767 2593 856 2651 sacris
881 2593 1068 2664 domibusque
1090 2594 1200 2650 cunctis

614 2679 671 2736 Per
693 2694 793 2750 preces
815 2680 910 2752 magni
934 2678 1072 2749 Stephani
1095 2683 1215 2736 canatur

733 2764 875 2838 Tempore
897 2766 991 2839 longo.

394 2935 501 2984 Collect.
519 2949 566 2982 ms.
580 2933 753 2998 Sangallense
772 2949 840 2984 saec.
858 2929 903 2997 (8.)
924 2929 962 2982 10.
980 2931 1042 2995 (11.)
1070 2931 1134 2984 Cod.
1147 2933 1299 2998 Sangallen.
1318 2931 1377 2984 242.
1396 2962 1428 2968 —
1444 2928 1489 2993 Ti

325 3019 453 3064 memore,
478 3004 566 3067 spiter
590 3003 732 3066 horrigiert
749 3005 777 3052 in
798 2997 983 3067 „memorare“.
1053 3002 1114 3066 Vgl.
1131 3002 1174 3052 die
1192 3003 1261 3052 Note
1278 3019 1312 3067 nu
1330 3005 1376 3054 Νι.
1396 2999 1449 3052 199.
1464 3025 1489 3033 -

325 3071 584 3121 Stiitsbibliothekar
601 3072 650 3120 Dr.
667 3071 749 3120 Adolf
764 3071 820 3120 Fsh
843 3086 875 3120 zu
894 3070 932 3120 St.
951 3070 1046 3121 Gallen
1070 3070 1143 3120 hatte
1161 3071 1203 3120 die
1221 3070 1489 3136 Liebeuswrirdigkeil.

325 3140 376 3188 den
388 3141 454 3189 Text
471 3140 558 3189 dieser
577 3141 635 3189 vier
646 3141 770 3204 Hymnen
787 3140 856 3189 noch
875 3139 973 3188 einmal
991 3139 1039 3188 anf
1053 3139 1096 3189 die
1108 3139 1283 3188 Handschrift
1300 3156 1334 3190 zu
1348 3141 1488 3189 revidieren.

620 3412 682 3468 ⁶203.
710 3412 745 3467 ln
763 3426 804 3467 ss.
824 3410 1008 3480 Theopompi
1027 3412 1059 3466 et
1078 3410 1206 3480 synesii.

612 3518 761 3582 Hymnus
780 3517 915 3567 Cosmae
932 3517 1163 3567 Matealensis
1180 3516 1219 3580 (i).

328 3658 355 3717 1.
393 3658 505 3716 Celsum
531 3657 703 3730 triumphum
722 3661 878 3728 martyrum
944 3659 973 3715 4.
1008 3655 1081 3713 Nam
1106 3673 1157 3714 rex
1180 3653 1316 3728 profanus
1339 3656 1425 3714 idolis

390 3744 552 3816 Pangamus
575 3760 672 3801 omnes
695 3759 817 3800 annuum
1008 3742 1135 3813 Impellit
1157 3742 1208 3799 hos
1231 3748 1263 3799 ut
1285 3743 1429 3813 spurcidis

391 3829 504 3887 Devota
525 3836 620 3886 mente
642 3827 794 3887 maximum
1008 3827 1140 3886 Litsrent
1162 3843 1213 3884 nec
1235 3824 1328 3886 flectit
1350 3828 1418 3903 aris,

392 3914 507 3974 Christo
531 3912 655 3972 ferentes
679 3914 830 3972 cauticum.
1010 3913 1124 3970 Taetris
1146 3913 1226 3985 angit
1248 3913 1406 3986 suppliciis.

328 4072 356 4128 2.
391 4069 551 4126 Psallsmus
574 4085 607 4125 ac
631 4067 809 4140 Theopompi
944 4070 971 4126 5.
1007 4066 1063 4123 Sed
1087 4072 1189 4124 cuncta
1211 4064 1280 4124 forti
1302 4073 1422 4139 pectore

392 4155 461 4211 Mox
484 4153 560 4211 bella
583 4171 633 4211 seu
656 4153 766 4225 Synesii
1006 4153 1158 4225 Postquam
1182 4149 1297 4225 flagella
1318 4160 1434 4210 strenue

396 4240 516 4296 Virtutis
538 4245 603 4297 acts
624 4239 728 4296 lucidis
1007 4237 1112 4295 Christi
1135 4238 1267 4296 vicemnt
1289 4255 1416 4314 munere,

395 4326 453 4383 Pro
475 4325 550 4396 regis
572 4325 625 4383 alti
647 4325 759 4384 muniis,
1006 4323 1117 4380 Tenent
1137 4338 1258 4381 coronas
1280 4321 1400 4397 fulgide.

330 4481 356 4537 3.
391 4478 430 4534 Hi
453 4495 573 4552 namque
596 4478 672 4535 vitae
693 4477 798 4550 gaudia
943 4480 973 4536 6.
1007 4477 1067 4535 Nos
1090 4493 1167 4550 ergo,
1191 4474 1307 4549 fratres,
1332 4479 1468 4552 supplices

393 4563 555 4621 Praesentis
578 4579 612 4621 ac
634 4564 733 4621 suavia
1008 4564 1170 4628 Poscamus‚
1193 4568 1224 4620 ut
1246 4579 1299 4619 nos
1322 4565 1408 4621 utiles

394 4647 488 4706 Saecli
509 4647 670 4721 linquentes
693 4649 783 4706 ardua
1006 4648 1142 4706 Reddant
1163 4648 1201 4706 ad
1224 4648 1348 4720 hymnos
1369 4648 1475 4708 coelites

394 4733 516 4793 Gestant
537 4741 639 4808 parata
660 4735 768 4792 bravia.
823 4807 824 4811 Ἰ
1007 4734 1156 4806 Regniqne
1179 4733 1249 4791 dent
1271 4734 1437 4807 participes.
