3642 5550
319 608 378 669 192
579 607 646 655 Pars
665 606 687 654 I.
723 605 822 669 Hymni
841 604 1020 667 antiquissimi
1039 614 1110 650 saec.
1129 600 1245 649 V.-xl.

608 858 669 913 tto.
697 859 731 912 ln
750 856 850 914 sancti
869 857 981 914 lulloni
999 854 1200 913 Brirctonsls.

319 1024 348 1081 1.
385 1020 511 1090 Christe,
535 1035 641 1075 corona
663 1022 831 1090 martyrum,
936 1020 965 1077 b.
1001 1016 1057 1074 Per
1071 1023 1109 1094 te,
1126 1015 1251 1089 Christe,
1274 1028 1360 1087 quam
1376 1009 1483 1084 plurima

384 1106 513 1163 Victoria
536 1103 723 1173 credentium,
998 1102 1055 1159 Hic
1077 1100 1147 1160 iecit
1169 1097 1333 1173 mirabilia3

381 1194 458 1250 Ante
478 1190 577 1248 mundi
600 1188 771 1261 principium
999 1188 1076 1246 Laus
1097 1203 1151 1260 per
1172 1185 1270 1244 orbem
1295 1180 1431 1254 effloruit,

383 1279 478 1350 Atque
500 1282 566 1349 post
588 1273 672 1331 finem
695 1282 866 1347 temporum,
998 1272 1071 1345 Spes
1093 1272 1183 1331 multo
1204 1270 1297 1331 crevit
1319 1268 1438 1328 miseris.

319 1451 349 1509 2.
383 1448 424 1505 Te
446 1446 573 1504 lulianus
597 1444 693 1519 coluit,
936 1447 965 1504 6.
1000 1444 1057 1502 Hic
1078 1445 1190 1503 Vienna
1209 1440 1389 1515 progenitus,

384 1533 481 1592 Morte
503 1532 591 1589 vitam
614 1530 782 1602 promeruit,
998 1531 1140 1589 Arvernis
1161 1533 1273 1602 martyr
1293 1526 1420 1599 inolitus,

382 1616 547 1676 Lictoribus
569 1614 602 1673 fit
619 1614 730 1689 obvius,
1000 1616 1109 1674 Aedem
1124 1632 1208 1689 quam
1223 1621 1337 1689 gratam
1352 1610 1486 1674 monacbis

385 1704 478 1779 Caput
500 1701 596 1759 subdit
619 1700 791 1773 intrepidus.
999 1702 1167 1760 Translatus
1189 1700 1276 1759 hebet
1299 1699 1432 1761 Turonis.

322 1878 351 1935 3.
387 1872 490 1932 Cervix
514 1878 593 1932 secta
612 1888 668 1946 >per
690 1870 826 1930 frameam
939 1873 981 1939 7.,
997 1872 1049 1942 ‚lbi
1069 1887 1180 1946 quoque
1201 1870 1340 1931 mirificus

386 1958 483 2016 Donat
505 1959 613 2030 gloriae
635 1958 800 2035 palmulam,
1001 1958 1151 2017 Miracolis
1172 1956 1378 2030 comprobatur

385 2044 471 2103 Unda
493 2043 626 2102 subtusus
649 2043 794 2117 sanguinis
977 2050 979 2053 ’
1002 2043 1172 2117 cotidieque
1194 2042 1323 2101 cernitur

384 2129 504 2202 Semper
527 2135 628 2203 regnat
651 2145 713 2186 cum
736 2128 856 2202 angelis.
1004 2129 1082 2190 Civis
1105 2144 1167 2189 esse
1189 2128 1346 2203 angelicus.

322 2303 350 2362 4.
385 2299 491 2358 Mulier
512 2299 682 2376 paralytica,
937 2305 967 2362 8.
1001 2302 1045 2362 Sit
1066 2301 1158 2375 gloria
1180 2301 1242 2359 Deo
1263 2301 1342 2373 patri

387 2386 556 2443 Contractus
578 2385 607 2443 in
632 2385 783 2463 dominica,
881 2454 883 2457 ¹
1000 2388 1127 2459 Eiusque
1148 2385 1203 2444 soli
1223 2384 1285 2444 tilio

385 2470 501 2547 Caecus,
526 2471 640 2547 surdus,
664 2478 757 2529 mutus
773 2487 884 2545 quoque
1000 2473 1041 2532 Et
1063 2476 1163 2531 sancto
1183 2472 1247 2530 laus
1269 2471 1388 2543 spiritui
1468 2503 1471 2514 ·

386 2556 478 2614 Tanto
502 2562 639 2614 curantur
661 2560 797 2629 martyre.
1001 2561 1035 2618 lu
1057 2558 1235 2617 saeculorum
1258 2555 1385 2619 saecula.

392 2724 499 2774 Collect.
518 2740 565 2780 ms.
584 2726 704 2775 diversae
722 2727 833 2791 originis
852 2741 919 2775 saec.
939 2724 1032 2778 9-16.
1068 2727 1132 2782 uod.
1150 2723 1272 2777 vatican.
1284 2726 1351 2792 Reg.
1363 2722 1424 2778 314.
1441 2716 1490 2775 add.

322 2810 390 2847 saec.
412 2791 450 2844 10.
470 2821 503 2828 —
521 2791 546 2855 4,
570 2791 760 2845 2Vielleicht:
785 2794 949 2860 Contractus,
968 2797 1160 2847 daemoniaca?
1196 2795 1267 2847 Odor
1285 2797 1331 2860 „in
1349 2789 1489 2846 dominica“

321 2880 353 2912 zu
375 2862 520 2912 verbiuden
544 2865 593 2913 mit
615 2859 791 2927 „curantur“?
809 2891 843 2898 -
861 2865 916 2914 Ans
934 2866 1051 2930 gleicher
1068 2865 1162 2927 Quelle
1179 2865 1223 2917 bei
1241 2866 1312 2925 Mai,
1338 2866 1431 2916 Novae
1448 2861 1491 2914 ΡΡ.

320 2931 497 2981 bibliothecae
520 2934 542 2985 Ι.
560 2933 602 2993 ΙΙ,
627 2928 684 2985 206,
720 2933 775 2981 Mal
800 2933 862 2983 liest
879 2931 903 2994 Ἰ,
927 2930 957 2982 2:
982 2933 1175 2999 Comprobatur
1200 2933 1352 2994 miraculis,
1379 2930 1493 2984 wodurcb

321 2999 469 3116 ‹Itzerlllqeim
496 3005 606 3050 zerstdrt
631 3000 705 3049 wird.
733 3027 766 3035 —-
794 3003 857 3052 Rev,
885 3003 920 3052 H.
948 3004 983 3052 Μ,
1011 3004 1153 3053 Bannister
1176 3003 1300 3068 bescrgte
1327 3004 1433 3069 giltigst
1459 3001 1494 3050 die

350 3084 365 3117 o
388 3081 469 3121 aron.

693 3288 753 3347 171.
781 3290 815 3343 ln
833 3290 935 3344 sancti
953 3290 1131 3348 landberti.

713 3398 862 3462 Hymnus
886 3397 1108 3462 Hucbaldillt

510 3572 538 3633 1.
570 3571 676 3645 Fulges
700 3570 827 3630 salvifico
849 3571 973 3645 nomine,
996 3577 1116 3646 martyr,

570 3656 672 3715 Custos
695 3657 833 3716 ecclesiae
856 3661 956 3731 pastor
977 3664 1007 3715 et
1028 3659 1113 3727 alme,

570 3742 666 3801 Muuis
689 3736 774 3816 atque
796 3743 871 3816 regis
893 3759 978 3815 quam
1000 3743 1064 3804 rice
1086 3742 1176 3817 Petri,

569 3828 592 3887 Ο
616 3829 790 3902 Laudberte,
812 3845 916 3902 gerens
936 3829 1047 3901 proelia
1069 3828 1189 3892 Christi.

505 4019 534 4077 2.
569 4013 712 4075 Defensor
734 4017 857 4091 patriam
881 4016 1006 4075 climatis
1028 4017 1111 4077 huius

571 4101 726 4174 Compsisti
749 4102 823 4159 rosei
844 4103 991 4176 sanguinis
1013 4103 1110 4181 undis,

573 4188 657 4245 Hanc
679 4193 710 4244 ut
733 4188 886 4261 coeligenis
907 4187 1025 4261 iungere
1047 4189 1152 4267 possis,

570 4272 695 4345 Tempus
719 4288 780 4330 cum
805 4271 892 4330 luerit
915 4288 1031 4331 currere
1054 4273 1154 4335 caelis.

507 4462 535 4519 3.
573 4460 729 4519 Tonosa
752 4461 829 4522 vitiis
852 4477 939 4527 carue
962 4462 1069 4520 coactis

572 4550 616 4606 Ao
640 4547 742 4605 vinclis
763 4547 876 4619 pariter
896 4548 976 4607 solve
998 4547 1132 4621 malignis

572 4631 738 4705 Deposceos
760 4632 923 4708 Dominum,
946 4649 1002 4707 quo
1025 4639 1106 4707 regat
1127 4639 1210 4708 aptos

573 4716 632 4774 Nos
655 4723 684 4775 et
705 4716 843 4777 laetificet
865 4735 936 4791 pace
958 4719 1074 4792 potitos.
