<?xml version="1.0" encoding="UTF-8"?>
<!DOCTYPE html PUBLIC "-//W3C//DTD XHTML 1.0 Transitional//EN"
    "http://www.w3.org/TR/xhtml1/DTD/xhtml1-transitional.dtd">
<html xmlns="http://www.w3.org/1999/xhtml" xml:lang="en" lang="en">
 <head>
  <title>
</title>
<meta http-equiv="Content-Type" content="text/html;charset=utf-8" />
  <meta name='ocr-system' content='tesseract 3.04.00' />
  <meta name='ocr-capabilities' content='ocr_page ocr_carea ocr_par ocr_line ocrx_word'/>
</head>
<body>
  <div class='ocr_page' id='page_1' title='image "./thesaurihymnolo00churgoog_0349.png"; bbox 0 0 3642 5550; ppageno 0'>
   <div class='ocr_carea' id='block_1_1' title="bbox 673 616 1445 680">
    <p class='ocr_par' dir='ltr' id='par_1_1' title="bbox 673 616 1445 680">
     <span class='ocr_line' id='line_1_1' title="bbox 673 616 1445 680; baseline 0.017 -13"><span class='ocrx_word' id='word_1_1' title='bbox 673 619 695 667; x_wconf 85' lang='lat'>1.</span> <span class='ocrx_word' id='word_1_2' title='bbox 721 618 762 668; x_wconf 92' lang='lat' dir='ltr'>De</span> <span class='ocrx_word' id='word_1_3' title='bbox 779 618 837 669; x_wconf 91' lang='lat' dir='ltr'>Dec</span> <span class='ocrx_word' id='word_1_4' title='bbox 855 617 931 668; x_wconf 88' lang='lat' dir='ltr'>etde</span> <span class='ocrx_word' id='word_1_5' title='bbox 949 619 1040 668; x_wconf 88' lang='lat' dir='ltr'>Beata.</span> <span class='ocrx_word' id='word_1_6' title='bbox 1383 616 1445 680; x_wconf 84' lang='lat'>295</span> 
     </span>
    </p>
   </div>
   <div class='ocr_carea' id='block_1_2' title="bbox 264 791 784 1123">
    <p class='ocr_par' dir='ltr' id='par_1_2' title="bbox 264 791 784 1123">
     <span class='ocr_line' id='line_1_2' title="bbox 264 791 684 865; baseline -0.01 -13"><span class='ocrx_word' id='word_1_7' title='bbox 264 796 293 855; x_wconf 83' lang='lat'>3.</span> <span class='ocrx_word' id='word_1_8' title='bbox 327 793 363 851; x_wconf 93' lang='lat' dir='ltr'>In</span> <span class='ocrx_word' id='word_1_9' title='bbox 384 807 457 865; x_wconf 88' lang='lat' dir='ltr'>pace</span> <span class='ocrx_word' id='word_1_10' title='bbox 480 791 684 865; x_wconf 90' lang='lat' dir='ltr'>apostolorum,</span> 
     </span>
     <span class='ocr_line' id='line_1_3' title="bbox 329 877 690 951; baseline -0.003 -16"><span class='ocrx_word' id='word_1_11' title='bbox 329 880 363 936; x_wconf 94' lang='lat' dir='ltr'>In</span> <span class='ocrx_word' id='word_1_12' title='bbox 386 877 491 951; x_wconf 82' lang='lat' dir='ltr'>gaudio</span> <span class='ocrx_word' id='word_1_13' title='bbox 515 877 690 949; x_wconf 83' lang='lat' dir='ltr'>angelorum,</span> 
     </span>
     <span class='ocr_line' id='line_1_4' title="bbox 329 962 702 1039; baseline -0.005 -16"><span class='ocrx_word' id='word_1_14' title='bbox 329 966 363 1023; x_wconf 97' lang='lat' dir='ltr'>ln</span> <span class='ocrx_word' id='word_1_15' title='bbox 387 963 433 1022; x_wconf 89' lang='lat' dir='ltr'>via</span> <span class='ocrx_word' id='word_1_16' title='bbox 455 962 702 1039; x_wconf 79' lang='lat' dir='ltr'>archangelorum,</span> 
     </span>
     <span class='ocr_line' id='line_1_5' title="bbox 329 1048 784 1123; baseline -0.002 -17"><span class='ocrx_word' id='word_1_17' title='bbox 329 1050 363 1107; x_wconf 93' lang='lat' dir='ltr'>In</span> <span class='ocrx_word' id='word_1_18' title='bbox 385 1048 588 1123; x_wconf 83' lang='lat' dir='ltr'>splendoribus</span> <span class='ocrx_word' id='word_1_19' title='bbox 610 1053 784 1121; x_wconf 88' lang='lat' dir='ltr'>sanctorum,</span> 
     </span>
    </p>
   </div>
   <div class='ocr_carea' id='block_1_3' title="bbox 234 1236 730 1568">
    <p class='ocr_par' dir='ltr' id='par_1_3' title="bbox 234 1236 730 1568">
     <span class='ocr_line' id='line_1_6' title="bbox 265 1236 693 1314; baseline -0.009 -16"><span class='ocrx_word' id='word_1_20' title='bbox 265 1241 295 1298; x_wconf 80' lang='lat'>4.</span> <span class='ocrx_word' id='word_1_21' title='bbox 329 1239 364 1297; x_wconf 94' lang='lat' dir='ltr'>In</span> <span class='ocrx_word' id='word_1_22' title='bbox 386 1236 522 1309; x_wconf 91' lang='lat' dir='ltr'>operibns</span> <span class='ocrx_word' id='word_1_23' title='bbox 545 1237 693 1314; x_wconf 88' lang='lat' dir='ltr'>iustorum,</span> 
     </span>
     <span class='ocr_line' id='line_1_7' title="bbox 234 1322 730 1404; baseline -0.002 -21"><span class='ocrx_word' id='word_1_24' title='bbox 234 1388 242 1404; x_wconf 57' lang='lat'>‚</span> <span class='ocrx_word' id='word_1_25' title='bbox 329 1325 364 1383; x_wconf 97' lang='lat' dir='ltr'>In</span> <span class='ocrx_word' id='word_1_26' title='bbox 388 1323 495 1382; x_wconf 89' lang='lat' dir='ltr'>virtute</span> <span class='ocrx_word' id='word_1_27' title='bbox 517 1322 730 1397; x_wconf 89' lang='lat' dir='ltr'>monachorum,</span> 
     </span>
     <span class='ocr_line' id='line_1_8' title="bbox 329 1410 715 1487; baseline 0.003 -21"><span class='ocrx_word' id='word_1_28' title='bbox 329 1410 363 1467; x_wconf 95' lang='lat' dir='ltr'>In</span> <span class='ocrx_word' id='word_1_29' title='bbox 385 1410 525 1481; x_wconf 89' lang='lat' dir='ltr'>martyrio</span> <span class='ocrx_word' id='word_1_30' title='bbox 548 1415 715 1487; x_wconf 87' lang='lat' dir='ltr'>martyrum,</span> 
     </span>
     <span class='ocr_line' id='line_1_9' title="bbox 330 1494 701 1568; baseline 0 -15"><span class='ocrx_word' id='word_1_31' title='bbox 330 1495 363 1553; x_wconf 92' lang='lat' dir='ltr'>In</span> <span class='ocrx_word' id='word_1_32' title='bbox 386 1494 519 1554; x_wconf 89' lang='lat' dir='ltr'>castitate</span> <span class='ocrx_word' id='word_1_33' title='bbox 541 1494 701 1568; x_wconf 83' lang='lat' dir='ltr'>virginum;</span> 
     </span>
    </p>
   </div>
   <div class='ocr_carea' id='block_1_4' title="bbox 271 1683 725 2012">
    <p class='ocr_par' dir='ltr' id='par_1_4' title="bbox 271 1683 725 2012">
     <span class='ocr_line' id='line_1_10' title="bbox 271 1683 619 1762; baseline -0.009 -17"><span class='ocrx_word' id='word_1_34' title='bbox 271 1690 299 1745; x_wconf 86' lang='lat'>5.</span> <span class='ocrx_word' id='word_1_35' title='bbox 333 1686 367 1743; x_wconf 93' lang='lat' dir='ltr'>In</span> <span class='ocrx_word' id='word_1_36' title='bbox 390 1684 446 1742; x_wconf 92' lang='lat' dir='ltr'>Dei</span> <span class='ocrx_word' id='word_1_37' title='bbox 468 1683 619 1762; x_wconf 75' lang='lat' dir='ltr'><strong>sapientia,</strong></span> 
     </span>
     <span class='ocr_line' id='line_1_11' title="bbox 332 1769 650 1847; baseline -0.006 -19"><span class='ocrx_word' id='word_1_38' title='bbox 332 1772 367 1829; x_wconf 94' lang='lat' dir='ltr'>In</span> <span class='ocrx_word' id='word_1_39' title='bbox 388 1769 483 1828; x_wconf 88' lang='lat' dir='ltr'>multa&#39;</span> <span class='ocrx_word' id='word_1_40' title='bbox 501 1770 650 1847; x_wconf 89' lang='lat' dir='ltr'>patientia,</span> 
     </span>
     <span class='ocr_line' id='line_1_12' title="bbox 332 1854 725 1933; baseline -0.008 -18"><span class='ocrx_word' id='word_1_41' title='bbox 332 1856 367 1915; x_wconf 94' lang='lat' dir='ltr'>In</span> <span class='ocrx_word' id='word_1_42' title='bbox 390 1856 539 1915; x_wconf 87' lang='lat' dir='ltr'>doctorum</span> <span class='ocrx_word' id='word_1_43' title='bbox 561 1854 725 1933; x_wconf 90' lang='lat' dir='ltr'>prudentia,</span> 
     </span>
     <span class='ocr_line' id='line_1_13' title="bbox 331 1940 690 2012; baseline -0.008 -11"><span class='ocrx_word' id='word_1_44' title='bbox 331 1944 366 2002; x_wconf 93' lang='lat' dir='ltr'>In</span> <span class='ocrx_word' id='word_1_45' title='bbox 388 1942 483 2001; x_wconf 92' lang='lat' dir='ltr'>caruis</span> <span class='ocrx_word' id='word_1_46' title='bbox 505 1940 690 2012; x_wconf 78' lang='lat' dir='ltr'>abstinentia,</span> 
     </span>
    </p>
   </div>
   <div class='ocr_carea' id='block_1_5' title="bbox 880 790 1326 865">
    <p class='ocr_par' dir='ltr' id='par_1_5' title="bbox 880 790 1326 865">
     <span class='ocr_line' id='line_1_14' title="bbox 880 790 1326 865; baseline -0.004 -14"><span class='ocrx_word' id='word_1_47' title='bbox 880 795 909 855; x_wconf 88' lang='grc'><strong>6.</strong></span> <span class='ocrx_word' id='word_1_48' title='bbox 944 793 978 851; x_wconf 93' lang='lat' dir='ltr'>In</span> <span class='ocrx_word' id='word_1_49' title='bbox 1002 791 1117 865; x_wconf 79' lang='lat' dir='ltr'>linguae</span> <span class='ocrx_word' id='word_1_50' title='bbox 1140 790 1326 861; x_wconf 89' lang='lat' dir='ltr'>continentia,</span> 
     </span>
    </p>
   </div>
   <div class='ocr_carea' id='block_1_6' title="bbox 944 877 1301 1123">
    <p class='ocr_par' dir='ltr' id='par_1_6' title="bbox 944 877 1301 1123">
     <span class='ocr_line' id='line_1_15' title="bbox 944 877 1292 949; baseline -0.003 -14"><span class='ocrx_word' id='word_1_51' title='bbox 944 878 978 935; x_wconf 92' lang='lat' dir='ltr'>In</span> <span class='ocrx_word' id='word_1_52' title='bbox 1001 878 1081 949; x_wconf 90' lang='lat' dir='ltr'>pacis</span> <span class='ocrx_word' id='word_1_53' title='bbox 1104 877 1292 949; x_wconf 90' lang='lat' dir='ltr'>abundantia,</span> 
     </span>
     <span class='ocr_line' id='line_1_16' title="bbox 946 961 1301 1022; baseline -0.008 0"><span class='ocrx_word' id='word_1_54' title='bbox 946 964 981 1022; x_wconf 92' lang='lat' dir='ltr'>In</span> <span class='ocrx_word' id='word_1_55' title='bbox 1003 963 1143 1021; x_wconf 80' lang='lat' dir='ltr'>trinitatis</span> <span class='ocrx_word' id='word_1_56' title='bbox 1165 961 1301 1021; x_wconf 87' lang='lat' dir='ltr'>laudibus</span> 
     </span>
     <span class='ocr_line' id='line_1_17' title="bbox 946 1047 1299 1123; baseline -0.003 -17"><span class='ocrx_word' id='word_1_57' title='bbox 946 1049 981 1106; x_wconf 93' lang='lat' dir='ltr'>ln</span> <span class='ocrx_word' id='word_1_58' title='bbox 1004 1049 1135 1108; x_wconf 88' lang='lat' dir='ltr'>caritatis</span> <span class='ocrx_word' id='word_1_59' title='bbox 1157 1047 1299 1123; x_wconf 86' lang='lat' dir='ltr'>sensibus,</span> 
     </span>
    </p>
   </div>
   <div class='ocr_carea' id='block_1_7' title="bbox 886 1236 1368 1312">
    <p class='ocr_par' dir='ltr' id='par_1_7' title="bbox 886 1236 1368 1312">
     <span class='ocr_line' id='line_1_18' title="bbox 886 1236 1368 1312; baseline -0.002 -16"><span class='ocrx_word' id='word_1_60' title='bbox 886 1238 983 1300; x_wconf 81' lang='lat'>7.,111</span> <span class='ocrx_word' id='word_1_61' title='bbox 1005 1237 1088 1296; x_wconf 90' lang='lat' dir='ltr'>bonis</span> <span class='ocrx_word' id='word_1_62' title='bbox 1110 1252 1225 1310; x_wconf 85' lang='lat' dir='ltr'>semper</span> <span class='ocrx_word' id='word_1_63' title='bbox 1247 1236 1368 1312; x_wconf 89' lang='lat' dir='ltr'>actibus,</span> 
     </span>
    </p>
   </div>
   <div class='ocr_carea' id='block_1_8' title="bbox 948 1320 1322 1556">
    <p class='ocr_par' dir='ltr' id='par_1_8' title="bbox 948 1320 1322 1556">
     <span class='ocr_line' id='line_1_19' title="bbox 948 1320 1317 1396; baseline -0.005 -13"><span class='ocrx_word' id='word_1_64' title='bbox 948 1325 983 1383; x_wconf 92' lang='lat' dir='ltr'>Iu</span> <span class='ocrx_word' id='word_1_65' title='bbox 1005 1320 1107 1381; x_wconf 86' lang='lat' dir='ltr'>formis</span> <span class='ocrx_word' id='word_1_66' title='bbox 1128 1322 1317 1396; x_wconf 82' lang='lat' dir='ltr'>spiritalibus,</span> 
     </span>
     <span class='ocr_line' id='line_1_20' title="bbox 948 1408 1322 1481; baseline -0.003 -13"><span class='ocrx_word' id='word_1_67' title='bbox 948 1410 982 1468; x_wconf 92' lang='lat' dir='ltr'>In</span> <span class='ocrx_word' id='word_1_68' title='bbox 1006 1409 1112 1468; x_wconf 91' lang='lat' dir='ltr'>divinis</span> <span class='ocrx_word' id='word_1_69' title='bbox 1134 1408 1322 1481; x_wconf 88' lang='lat' dir='ltr'>sermonibus,</span> 
     </span>
     <span class='ocr_line' id='line_1_21' title="bbox 948 1494 1265 1556; baseline 0.006 -2"><span class='ocrx_word' id='word_1_70' title='bbox 948 1496 983 1554; x_wconf 85' lang='lat' dir='ltr'>In</span> <span class='ocrx_word' id='word_1_71' title='bbox 1005 1494 1265 1556; x_wconf 79' lang='lat' dir='ltr'>benedictionibus.</span> 
     </span>
    </p>
   </div>
   <div class='ocr_carea' id='block_1_9' title="bbox 837 1683 1346 1746">
    <p class='ocr_par' dir='ltr' id='par_1_9' title="bbox 837 1683 1346 1746">
     <span class='ocr_line' id='line_1_22' title="bbox 837 1683 1346 1746; baseline -0.004 -3"><span class='ocrx_word' id='word_1_72' title='bbox 837 1688 840 1692; x_wconf 80' lang='grc'><strong>’</strong></span> <span class='ocrx_word' id='word_1_73' title='bbox 888 1684 918 1746; x_wconf 88' lang='grc'>8.</span> <span class='ocrx_word' id='word_1_74' title='bbox 952 1684 986 1741; x_wconf 93' lang='lat' dir='ltr'>lu</span> <span class='ocrx_word' id='word_1_75' title='bbox 1008 1683 1054 1741; x_wconf 90' lang='lat' dir='ltr'>his</span> <span class='ocrx_word' id='word_1_76' title='bbox 1077 1690 1122 1741; x_wconf 90' lang='lat' dir='ltr'>est</span> <span class='ocrx_word' id='word_1_77' title='bbox 1141 1684 1199 1742; x_wconf 90' lang='lat' dir='ltr'>iter</span> <span class='ocrx_word' id='word_1_78' title='bbox 1220 1683 1346 1742; x_wconf 90' lang='lat' dir='ltr'>omnium</span> 
     </span>
    </p>
   </div>
   <div class='ocr_carea' id='block_1_10' title="bbox 950 1770 1396 2015">
    <p class='ocr_par' dir='ltr' id='par_1_10' title="bbox 950 1770 1396 2015">
     <span class='ocr_line' id='line_1_23' title="bbox 952 1770 1371 1841; baseline -0.002 -13"><span class='ocrx_word' id='word_1_79' title='bbox 952 1770 1009 1828; x_wconf 90' lang='lat' dir='ltr'>Pro</span> <span class='ocrx_word' id='word_1_80' title='bbox 1031 1770 1147 1829; x_wconf 82' lang='lat' dir='ltr'>Christo</span> <span class='ocrx_word' id='word_1_81' title='bbox 1169 1770 1371 1841; x_wconf 84' lang='lat' dir='ltr'>laborantium,</span> 
     </span>
     <span class='ocr_line' id='line_1_24' title="bbox 951 1855 1396 1928; baseline 0 -15"><span class='ocrx_word' id='word_1_82' title='bbox 951 1856 1034 1926; x_wconf 79' lang='lat' dir='ltr'>Quod</span> <span class='ocrx_word' id='word_1_83' title='bbox 1058 1855 1176 1914; x_wconf 81' lang='lat' dir='ltr'>deducit</span> <span class='ocrx_word' id='word_1_84' title='bbox 1197 1862 1263 1928; x_wconf 88' lang='lat' dir='ltr'>post</span> <span class='ocrx_word' id='word_1_85' title='bbox 1284 1855 1396 1914; x_wconf 90' lang='lat' dir='ltr'>obitum</span> 
     </span>
     <span class='ocr_line' id='line_1_25' title="bbox 950 1940 1378 2015; baseline 0.005 -16"><span class='ocrx_word' id='word_1_86' title='bbox 950 1940 1160 2014; x_wconf 87' lang='lat' dir='ltr'>Sempiternum</span> <span class='ocrx_word' id='word_1_87' title='bbox 1182 1942 1212 1999; x_wconf 92' lang='lat' dir='ltr'>iu</span> <span class='ocrx_word' id='word_1_88' title='bbox 1234 1941 1378 2015; x_wconf 80' lang='lat' dir='ltr'>gaudium.</span> 
     </span>
    </p>
   </div>
   <div class='ocr_carea' id='block_1_11' title="bbox 264 2140 1455 3174">
    <p class='ocr_par' dir='ltr' id='par_1_11' title="bbox 265 2140 1451 2691">
     <span class='ocr_line' id='line_1_26' title="bbox 337 2140 1450 2211; baseline -0.004 -14"><span class='ocrx_word' id='word_1_89' title='bbox 337 2146 457 2197; x_wconf 88' lang='lat' dir='ltr'>Oration.</span> <span class='ocrx_word' id='word_1_90' title='bbox 483 2161 531 2195; x_wconf 84' lang='lat' dir='ltr'>ms.</span> <span class='ocrx_word' id='word_1_91' title='bbox 549 2143 806 2206; x_wconf 73' lang='lat' dir='ltr'>Lindisfarnenseff)</span> <span class='ocrx_word' id='word_1_92' title='bbox 822 2158 890 2194; x_wconf 87' lang='lat' dir='ltr'>saec.</span> <span class='ocrx_word' id='word_1_93' title='bbox 909 2140 953 2194; x_wconf 81' lang='lat' dir='ltr'>⁸la.</span> <span class='ocrx_word' id='word_1_94' title='bbox 988 2145 1052 2195; x_wconf 76' lang='lat' dir='ltr'>(lod.</span> <span class='ocrx_word' id='word_1_95' title='bbox 1068 2145 1215 2196; x_wconf 87' lang='lat' dir='ltr'>Londinen.</span> <span class='ocrx_word' id='word_1_96' title='bbox 1233 2148 1298 2211; x_wconf 82' lang='lat' dir='ltr'>Reg.</span> <span class='ocrx_word' id='word_1_97' title='bbox 1315 2142 1333 2193; x_wconf 82' lang='lat'><strong>2</strong></span> <span class='ocrx_word' id='word_1_98' title='bbox 1350 2144 1373 2193; x_wconf 82' lang='lat' dir='ltr'><strong>A</strong></span> <span class='ocrx_word' id='word_1_99' title='bbox 1390 2146 1450 2194; x_wconf 86' lang='lat' dir='ltr'>XX.</span> 
     </span>
     <span class='ocr_line' id='line_1_27' title="bbox 265 2210 1451 2277; baseline -0.003 -11"><span class='ocrx_word' id='word_1_100' title='bbox 265 2216 298 2265; x_wconf 82' lang='grc' dir='ltr'><strong>Α.</strong></span> <span class='ocrx_word' id='word_1_101' title='bbox 317 2241 352 2249; x_wconf 83' lang='grc'>-</span> <span class='ocrx_word' id='word_1_102' title='bbox 370 2216 489 2266; x_wconf 88' lang='lat' dir='ltr'>Oration.</span> <span class='ocrx_word' id='word_1_103' title='bbox 509 2230 557 2263; x_wconf 89' lang='lat' dir='ltr'>ms.</span> <span class='ocrx_word' id='word_1_104' title='bbox 576 2212 751 2264; x_wconf 84' lang='lat' dir='ltr'>Aethelvvoldi</span> <span class='ocrx_word' id='word_1_105' title='bbox 769 2212 860 2277; x_wconf 84' lang='lat' dir='ltr'>Episc.</span> <span class='ocrx_word' id='word_1_106' title='bbox 878 2210 1084 2276; x_wconf 76' lang='lat' dir='ltr'>(Etocetensiail</span> <span class='ocrx_word' id='word_1_107' title='bbox 1102 2228 1170 2263; x_wconf 87' lang='lat' dir='ltr'>saec.</span> <span class='ocrx_word' id='word_1_108' title='bbox 1188 2211 1213 2264; x_wconf 83' lang='lat'>9.</span> <span class='ocrx_word' id='word_1_109' title='bbox 1230 2216 1267 2264; x_wconf 86' lang='lat' dir='ltr'>in.</span> <span class='ocrx_word' id='word_1_110' title='bbox 1297 2213 1362 2263; x_wconf 73' lang='lat' dir='ltr'>Cod,</span> <span class='ocrx_word' id='word_1_111' title='bbox 1383 2214 1451 2264; x_wconf 83' lang='lat' dir='ltr'>Oan-</span> 
     </span>
     <span class='ocr_line' id='line_1_28' title="bbox 268 2277 1449 2349; baseline -0.001 -17"><span class='ocrx_word' id='word_1_112' title='bbox 268 2284 413 2349; x_wconf 79' lang='lat' dir='ltr'>tabrigien.</span> <span class='ocrx_word' id='word_1_113' title='bbox 430 2282 465 2333; x_wconf 92' lang='lat' dir='ltr'>Ll</span> <span class='ocrx_word' id='word_1_114' title='bbox 482 2283 496 2332; x_wconf 98' lang='lat' dir='ltr'>I</span> <span class='ocrx_word' id='word_1_115' title='bbox 515 2280 554 2332; x_wconf 88' lang='lat'>10.</span> <span class='ocrx_word' id='word_1_116' title='bbox 572 2280 648 2346; x_wconf 81' lang='lat' dir='ltr'>(Pars</span> <span class='ocrx_word' id='word_1_117' title='bbox 666 2280 711 2346; x_wconf 83' lang='lat'>11).</span> <span class='ocrx_word' id='word_1_118' title='bbox 729 2282 760 2331; x_wconf 90' lang='grc' dir='ltr'>Β.</span> <span class='ocrx_word' id='word_1_119' title='bbox 777 2308 812 2316; x_wconf 95' lang='grc'>-</span> <span class='ocrx_word' id='word_1_120' title='bbox 832 2278 854 2343; x_wconf 92' lang='lat' dir='ltr'>l,</span> <span class='ocrx_word' id='word_1_121' title='bbox 874 2279 893 2331; x_wconf 82' lang='lat'>4</span> <span class='ocrx_word' id='word_1_122' title='bbox 911 2283 1041 2332; x_wconf 86' lang='lat' dir='ltr'>maximae</span> <span class='ocrx_word' id='word_1_123' title='bbox 1059 2282 1089 2331; x_wconf 79' lang='lat' dir='ltr'>A.</span> <span class='ocrx_word' id='word_1_124' title='bbox 1108 2309 1136 2317; x_wconf 94' lang='lat'><em>-</em></span> <span class='ocrx_word' id='word_1_125' title='bbox 1160 2280 1184 2342; x_wconf 88' lang='grc'>2,</span> <span class='ocrx_word' id='word_1_126' title='bbox 1201 2279 1220 2331; x_wconf 82' lang='grc'>4</span> <span class='ocrx_word' id='word_1_127' title='bbox 1238 2299 1263 2332; x_wconf 97' lang='grc' dir='ltr'>ιι.</span> <span class='ocrx_word' id='word_1_128' title='bbox 1281 2279 1305 2346; x_wconf 83' lang='grc'>3,</span> <span class='ocrx_word' id='word_1_129' title='bbox 1326 2279 1339 2331; x_wconf 94' lang='lat' dir='ltr'>l</span> <span class='ocrx_word' id='word_1_130' title='bbox 1358 2277 1449 2333; x_wconf 89' lang='lat' dir='ltr'>fehlen</span> 
     </span>
     <span class='ocr_line' id='line_1_29' title="bbox 266 2347 1451 2414; baseline -0.001 -13"><span class='ocrx_word' id='word_1_131' title='bbox 266 2352 297 2401; x_wconf 80' lang='lat' dir='ltr'>A.</span> <span class='ocrx_word' id='word_1_132' title='bbox 316 2379 350 2385; x_wconf 96' lang='lat'>—</span> <span class='ocrx_word' id='word_1_133' title='bbox 368 2347 393 2414; x_wconf 92' lang='grc'>3,</span> <span class='ocrx_word' id='word_1_134' title='bbox 412 2347 428 2401; x_wconf 88' lang='lat'><strong>3</strong></span> <span class='ocrx_word' id='word_1_135' title='bbox 445 2352 512 2402; x_wconf 83' lang='lat' dir='ltr'>fehlt</span> <span class='ocrx_word' id='word_1_136' title='bbox 530 2352 561 2401; x_wconf 94' lang='grc' dir='ltr'>Β.</span> <span class='ocrx_word' id='word_1_137' title='bbox 579 2376 613 2385; x_wconf 91' lang='grc'>-</span> <span class='ocrx_word' id='word_1_138' title='bbox 631 2348 656 2413; x_wconf 88' lang='grc'>3,</span> <span class='ocrx_word' id='word_1_139' title='bbox 673 2348 691 2400; x_wconf 88' lang='grc'>4</span> <span class='ocrx_word' id='word_1_140' title='bbox 708 2352 741 2400; x_wconf 94' lang='lat' dir='ltr'>In</span> <span class='ocrx_word' id='word_1_141' title='bbox 758 2353 899 2401; x_wconf 88' lang='lat' dir='ltr'>sanctitate</span> <span class='ocrx_word' id='word_1_142' title='bbox 910 2351 942 2400; x_wconf 84' lang='lat' dir='ltr'>A.</span> <span class='ocrx_word' id='word_1_143' title='bbox 961 2376 994 2384; x_wconf 95' lang='lat'>—</span> <span class='ocrx_word' id='word_1_144' title='bbox 1011 2347 1038 2412; x_wconf 81' lang='lat'>4,</span> <span class='ocrx_word' id='word_1_145' title='bbox 1058 2348 1072 2400; x_wconf 96' lang='lat' dir='ltr'>l</span> <span class='ocrx_word' id='word_1_146' title='bbox 1090 2366 1115 2400; x_wconf 91' lang='grc' dir='ltr'>ιι.</span> <span class='ocrx_word' id='word_1_147' title='bbox 1134 2348 1152 2401; x_wconf 85' lang='grc'>2</span> <span class='ocrx_word' id='word_1_148' title='bbox 1168 2353 1299 2401; x_wconf 87' lang='lat' dir='ltr'>iustorum</span> <span class='ocrx_word' id='word_1_149' title='bbox 1316 2367 1342 2401; x_wconf 91' lang='grc' dir='ltr'>ιι.</span> <span class='ocrx_word' id='word_1_150' title='bbox 1360 2365 1451 2401; x_wconf 89' lang='lat' dir='ltr'>mona·</span> 
     </span>
     <span class='ocr_line' id='line_1_30' title="bbox 267 2414 1450 2486; baseline -0.001 -16"><span class='ocrx_word' id='word_1_151' title='bbox 267 2420 377 2471; x_wconf 90' lang='lat' dir='ltr'>chorum</span> <span class='ocrx_word' id='word_1_152' title='bbox 394 2421 547 2486; x_wconf 81' lang='lat' dir='ltr'>umgestellt</span> <span class='ocrx_word' id='word_1_153' title='bbox 563 2420 617 2469; x_wconf 85' lang='lat' dir='ltr'>AB.</span> <span class='ocrx_word' id='word_1_154' title='bbox 637 2446 668 2453; x_wconf 94' lang='lat'>-</span> <span class='ocrx_word' id='word_1_155' title='bbox 688 2416 718 2481; x_wconf 85' lang='lat'>5,</span> <span class='ocrx_word' id='word_1_156' title='bbox 743 2414 760 2468; x_wconf 84' lang='lat'><strong>3</strong></span> <span class='ocrx_word' id='word_1_157' title='bbox 777 2418 843 2469; x_wconf 88' lang='lat' dir='ltr'>fehlt</span> <span class='ocrx_word' id='word_1_158' title='bbox 860 2420 890 2469; x_wconf 95' lang='grc' dir='ltr'><strong>Β.</strong></span> <span class='ocrx_word' id='word_1_159' title='bbox 910 2446 942 2453; x_wconf 94' lang='grc'>-</span> <span class='ocrx_word' id='word_1_160' title='bbox 961 2417 991 2480; x_wconf 86' lang='grc'>6,</span> <span class='ocrx_word' id='word_1_161' title='bbox 1013 2416 1139 2485; x_wconf 81' lang='lat' dir='ltr'>llingua</span> <span class='ocrx_word' id='word_1_162' title='bbox 1157 2419 1188 2469; x_wconf 85' lang='grc' dir='ltr'><strong>Α.</strong></span> <span class='ocrx_word' id='word_1_163' title='bbox 1206 2445 1239 2454; x_wconf 95' lang='grc'>-</span> <span class='ocrx_word' id='word_1_164' title='bbox 1257 2416 1282 2481; x_wconf 83' lang='grc'>6,</span> <span class='ocrx_word' id='word_1_165' title='bbox 1301 2417 1317 2469; x_wconf 89' lang='grc'>2</span> <span class='ocrx_word' id='word_1_166' title='bbox 1334 2420 1402 2469; x_wconf 89' lang='lat' dir='ltr'>fehlt</span> <span class='ocrx_word' id='word_1_167' title='bbox 1418 2419 1450 2469; x_wconf 79' lang='lat' dir='ltr'>A.</span> 
     </span>
     <span class='ocr_line' id='line_1_31' title="bbox 265 2484 1451 2553; baseline -0.003 -13"><span class='ocrx_word' id='word_1_168' title='bbox 265 2516 300 2524; x_wconf 95' lang='lat'><em>-</em></span> <span class='ocrx_word' id='word_1_169' title='bbox 319 2487 344 2550; x_wconf 80' lang='lat'>7,</span> <span class='ocrx_word' id='word_1_170' title='bbox 365 2487 378 2539; x_wconf 94' lang='lat' dir='ltr'>l</span> <span class='ocrx_word' id='word_1_171' title='bbox 397 2492 430 2539; x_wconf 92' lang='lat' dir='ltr'>In</span> <span class='ocrx_word' id='word_1_172' title='bbox 448 2490 525 2540; x_wconf 89' lang='lat' dir='ltr'>bonis</span> <span class='ocrx_word' id='word_1_173' title='bbox 545 2490 648 2540; x_wconf 87' lang='lat' dir='ltr'>actibus</span> <span class='ocrx_word' id='word_1_174' title='bbox 666 2504 769 2553; x_wconf 87' lang='lat' dir='ltr'>semper</span> <span class='ocrx_word' id='word_1_175' title='bbox 787 2490 924 2538; x_wconf 90' lang='lat' dir='ltr'>constituti</span> <span class='ocrx_word' id='word_1_176' title='bbox 931 2485 958 2551; x_wconf 86' lang='lat' dir='ltr'>(l)</span> <span class='ocrx_word' id='word_1_177' title='bbox 975 2489 1007 2549; x_wconf 83' lang='lat' dir='ltr'>A,</span> <span class='ocrx_word' id='word_1_178' title='bbox 1025 2489 1057 2537; x_wconf 92' lang='lat' dir='ltr'>In</span> <span class='ocrx_word' id='word_1_179' title='bbox 1075 2504 1178 2553; x_wconf 87' lang='lat' dir='ltr'>semper</span> <span class='ocrx_word' id='word_1_180' title='bbox 1195 2490 1273 2540; x_wconf 84' lang='lat' dir='ltr'>bonis</span> <span class='ocrx_word' id='word_1_181' title='bbox 1292 2490 1322 2538; x_wconf 89' lang='grc' dir='ltr'><strong>Β.</strong></span> <span class='ocrx_word' id='word_1_182' title='bbox 1340 2517 1372 2524; x_wconf 94' lang='grc'>-</span> <span class='ocrx_word' id='word_1_183' title='bbox 1392 2484 1417 2550; x_wconf 91' lang='lat'>8,</span> <span class='ocrx_word' id='word_1_184' title='bbox 1434 2485 1451 2537; x_wconf 82' lang='lat'><strong>3</strong></span> 
     </span>
     <span class='ocr_line' id='line_1_32' title="bbox 268 2554 1451 2623; baseline -0.003 -15"><span class='ocrx_word' id='word_1_185' title='bbox 268 2560 321 2620; x_wconf 78' lang='lat' dir='ltr'>Qui</span> <span class='ocrx_word' id='word_1_186' title='bbox 345 2559 451 2610; x_wconf 90' lang='lat' dir='ltr'>deducit</span> <span class='ocrx_word' id='word_1_187' title='bbox 474 2564 581 2608; x_wconf 89' lang='lat' dir='ltr'>sanctos</span> <span class='ocrx_word' id='word_1_188' title='bbox 601 2562 661 2623; x_wconf 93' lang='lat' dir='ltr'>post</span> <span class='ocrx_word' id='word_1_189' title='bbox 677 2559 714 2621; x_wconf 92' lang='lat' dir='ltr'>B;</span> <span class='ocrx_word' id='word_1_190' title='bbox 737 2557 811 2606; x_wconf 93' lang='lat' dir='ltr'>ducit</span> <span class='ocrx_word' id='word_1_191' title='bbox 828 2558 859 2606; x_wconf 87' lang='lat' dir='ltr'>A.</span> <span class='ocrx_word' id='word_1_192' title='bbox 876 2584 911 2589; x_wconf 95' lang='lat'>—</span> <span class='ocrx_word' id='word_1_193' title='bbox 928 2554 958 2616; x_wconf 90' lang='grc'>8,</span> <span class='ocrx_word' id='word_1_194' title='bbox 982 2554 1050 2606; x_wconf 76' lang='lat'><strong>4111</strong></span> <span class='ocrx_word' id='word_1_195' title='bbox 1067 2557 1194 2623; x_wconf 81' lang='lat' dir='ltr'>gaudium</span> <span class='ocrx_word' id='word_1_196' title='bbox 1212 2558 1401 2622; x_wconf 89' lang='lat' dir='ltr'>sempiternum</span> <span class='ocrx_word' id='word_1_197' title='bbox 1419 2558 1451 2607; x_wconf 80' lang='grc' dir='ltr'><strong>Δ.</strong></span> 
     </span>
     <span class='ocr_line' id='line_1_33' title="bbox 267 2626 901 2691; baseline -0.008 -13"><span class='ocrx_word' id='word_1_198' title='bbox 267 2657 300 2665; x_wconf 93' lang='grc'>-</span> <span class='ocrx_word' id='word_1_199' title='bbox 319 2628 351 2677; x_wconf 92' lang='lat' dir='ltr'>In</span> <span class='ocrx_word' id='word_1_200' title='bbox 368 2629 391 2678; x_wconf 96' lang='lat' dir='ltr'><strong>B</strong></span> <span class='ocrx_word' id='word_1_201' title='bbox 409 2628 477 2691; x_wconf 79' lang='lat' dir='ltr'>folgt</span> <span class='ocrx_word' id='word_1_202' title='bbox 495 2627 563 2677; x_wconf 90' lang='lat' dir='ltr'>noch</span> <span class='ocrx_word' id='word_1_203' title='bbox 582 2628 625 2676; x_wconf 91' lang='lat' dir='ltr'>ein</span> <span class='ocrx_word' id='word_1_204' title='bbox 645 2627 741 2676; x_wconf 82' lang='lat' dir='ltr'>Zusata</span> <span class='ocrx_word' id='word_1_205' title='bbox 759 2627 787 2674; x_wconf 91' lang='lat' dir='ltr'>in</span> <span class='ocrx_word' id='word_1_206' title='bbox 805 2626 901 2675; x_wconf 89' lang='lat' dir='ltr'>Prosa:</span> 
     </span>
    </p>

    <p class='ocr_par' dir='ltr' id='par_1_12' title="bbox 267 2690 1452 2831">
     <span class='ocr_line' id='line_1_34' title="bbox 339 2690 1452 2761; baseline -0.002 -15"><span class='ocrx_word' id='word_1_207' title='bbox 339 2697 392 2761; x_wconf 85' lang='lat' dir='ltr'>,Ut</span> <span class='ocrx_word' id='word_1_208' title='bbox 410 2696 517 2746; x_wconf 83' lang='lat' dir='ltr'>audiam</span> <span class='ocrx_word' id='word_1_209' title='bbox 534 2710 627 2745; x_wconf 88' lang='lat' dir='ltr'>vocem</span> <span class='ocrx_word' id='word_1_210' title='bbox 645 2696 799 2760; x_wconf 80' lang='lat' dir='ltr'>angelorum</span> <span class='ocrx_word' id='word_1_211' title='bbox 816 2696 902 2744; x_wconf 92' lang='lat' dir='ltr'>Deum</span> <span class='ocrx_word' id='word_1_212' title='bbox 920 2694 1087 2744; x_wconf 85' lang='lat' dir='ltr'>laudantium</span> <span class='ocrx_word' id='word_1_213' title='bbox 1106 2710 1136 2743; x_wconf 88' lang='lat' dir='ltr'>ac</span> <span class='ocrx_word' id='word_1_214' title='bbox 1155 2695 1311 2745; x_wconf 88' lang='lat' dir='ltr'>dicentium:</span> <span class='ocrx_word' id='word_1_215' title='bbox 1330 2690 1452 2754; x_wconf 89' lang='lat' dir='ltr'>Sanctus,</span> 
     </span>
     <span class='ocr_line' id='line_1_35' title="bbox 267 2760 1329 2831; baseline -0.001 -16"><span class='ocrx_word' id='word_1_216' title='bbox 267 2764 391 2827; x_wconf 85' lang='lat' dir='ltr'>Sanctus,</span> <span class='ocrx_word' id='word_1_217' title='bbox 411 2760 550 2816; x_wconf 81' lang='lat' dir='ltr'>Sanctus.“</span> <span class='ocrx_word' id='word_1_218' title='bbox 585 2764 655 2831; x_wconf 79' lang='lat' dir='ltr'>(Vgl.</span> <span class='ocrx_word' id='word_1_219' title='bbox 675 2763 768 2814; x_wconf 80' lang='lat' dir='ltr'>hieran</span> <span class='ocrx_word' id='word_1_220' title='bbox 785 2763 828 2813; x_wconf 89' lang='lat' dir='ltr'>die</span> <span class='ocrx_word' id='word_1_221' title='bbox 846 2764 915 2814; x_wconf 83' lang='lat' dir='ltr'>Note</span> <span class='ocrx_word' id='word_1_222' title='bbox 934 2764 1005 2815; x_wconf 90' lang='lat' dir='ltr'>heim</span> <span class='ocrx_word' id='word_1_223' title='bbox 1023 2763 1164 2830; x_wconf 85' lang='lat' dir='ltr'>folgenden</span> <span class='ocrx_word' id='word_1_224' title='bbox 1183 2760 1329 2828; x_wconf 86' lang='lat' dir='ltr'>Gedichte.)</span> 
     </span>
    </p>

    <p class='ocr_par' dir='ltr' id='par_1_13' title="bbox 264 2832 1455 3106">
     <span class='ocr_line' id='line_1_36' title="bbox 336 2832 1450 2900; baseline -0.001 -16"><span class='ocrx_word' id='word_1_225' title='bbox 336 2834 412 2884; x_wconf 84' lang='lat' dir='ltr'>Auch</span> <span class='ocrx_word' id='word_1_226' title='bbox 430 2835 489 2884; x_wconf 91' lang='lat' dir='ltr'>hier</span> <span class='ocrx_word' id='word_1_227' title='bbox 506 2835 602 2900; x_wconf 74' lang='lat' dir='ltr'>driugt</span> <span class='ocrx_word' id='word_1_228' title='bbox 619 2833 703 2883; x_wconf 86' lang='lat' dir='ltr'>vieles</span> <span class='ocrx_word' id='word_1_229' title='bbox 721 2833 849 2883; x_wconf 73' lang='lat' dir='ltr'>zunbchst</span> <span class='ocrx_word' id='word_1_230' title='bbox 865 2849 916 2882; x_wconf 91' lang='lat' dir='ltr'>nur</span> <span class='ocrx_word' id='word_1_231' title='bbox 934 2849 966 2882; x_wconf 82' lang='lat' dir='ltr'>au</span> <span class='ocrx_word' id='word_1_232' title='bbox 985 2836 1058 2883; x_wconf 90' lang='lat' dir='ltr'>einer</span> <span class='ocrx_word' id='word_1_233' title='bbox 1075 2832 1184 2883; x_wconf 84' lang='lat' dir='ltr'>starhen</span> <span class='ocrx_word' id='word_1_234' title='bbox 1201 2835 1374 2898; x_wconf 84' lang='lat' dir='ltr'>Vermutung,</span> <span class='ocrx_word' id='word_1_235' title='bbox 1392 2833 1450 2883; x_wconf 83' lang='lat' dir='ltr'>dass</span> 
     </span>
     <span class='ocr_line' id='line_1_37' title="bbox 264 2898 1453 2966; baseline 0 -14"><span class='ocrx_word' id='word_1_236' title='bbox 264 2906 314 2953; x_wconf 88' lang='lat' dir='ltr'>wir</span> <span class='ocrx_word' id='word_1_237' title='bbox 332 2904 391 2954; x_wconf 90' lang='lat' dir='ltr'>eine</span> <span class='ocrx_word' id='word_1_238' title='bbox 409 2899 508 2952; x_wconf 77' lang='lat' dir='ltr'>trische</span> <span class='ocrx_word' id='word_1_239' title='bbox 526 2903 589 2952; x_wconf 92' lang='lat' dir='ltr'>oder</span> <span class='ocrx_word' id='word_1_240' title='bbox 606 2901 673 2951; x_wconf 90' lang='lat' dir='ltr'>doch</span> <span class='ocrx_word' id='word_1_241' title='bbox 692 2900 821 2952; x_wconf 87' lang='lat' dir='ltr'>keltische</span> <span class='ocrx_word' id='word_1_242' title='bbox 835 2901 970 2966; x_wconf 82' lang='lat' dir='ltr'>Dichtung</span> <span class='ocrx_word' id='word_1_243' title='bbox 982 2918 1031 2951; x_wconf 89' lang='lat' dir='ltr'>vor</span> <span class='ocrx_word' id='word_1_244' title='bbox 1044 2918 1093 2952; x_wconf 90' lang='lat' dir='ltr'>uns</span> <span class='ocrx_word' id='word_1_245' title='bbox 1106 2901 1201 2952; x_wconf 86' lang='lat' dir='ltr'>haben.</span> <span class='ocrx_word' id='word_1_246' title='bbox 1214 2929 1249 2935; x_wconf 92' lang='lat'>—</span> <span class='ocrx_word' id='word_1_247' title='bbox 1266 2898 1291 2963; x_wconf 90' lang='lat'>8,</span> <span class='ocrx_word' id='word_1_248' title='bbox 1305 2899 1321 2952; x_wconf 84' lang='lat'><strong>2</strong></span> <span class='ocrx_word' id='word_1_249' title='bbox 1334 2904 1453 2952; x_wconf 82' lang='lat' dir='ltr'>erinnert</span> 
     </span>
     <span class='ocr_line' id='line_1_38' title="bbox 265 2966 1455 3036; baseline -0.002 -15"><span class='ocrx_word' id='word_1_250' title='bbox 265 2987 300 3021; x_wconf 89' lang='lat' dir='ltr'>an</span> <span class='ocrx_word' id='word_1_251' title='bbox 324 2973 371 3023; x_wconf 84' lang='grc' dir='ltr'>Νι.</span> <span class='ocrx_word' id='word_1_252' title='bbox 397 2968 460 3033; x_wconf 83' lang='grc'>217,</span> <span class='ocrx_word' id='word_1_253' title='bbox 488 2972 540 3022; x_wconf 82' lang='lat' dir='ltr'>Str.</span> <span class='ocrx_word' id='word_1_254' title='bbox 561 2970 590 3031; x_wconf 89' lang='lat'>1,</span> <span class='ocrx_word' id='word_1_255' title='bbox 613 2966 638 3019; x_wconf 90' lang='grc'>2.</span> <span class='ocrx_word' id='word_1_256' title='bbox 662 2997 695 3004; x_wconf 85' lang='grc'><strong>-</strong></span> <span class='ocrx_word' id='word_1_257' title='bbox 718 2971 783 3020; x_wconf 88' lang='grc' dir='ltr'><strong>Ζιιιιι</strong></span> <span class='ocrx_word' id='word_1_258' title='bbox 806 2971 889 3020; x_wconf 82' lang='lat' dir='ltr'>Texta</span> <span class='ocrx_word' id='word_1_259' title='bbox 913 2971 967 3036; x_wconf 80' lang='lat' dir='ltr'>vgl.</span> <span class='ocrx_word' id='word_1_260' title='bbox 987 2973 1057 3020; x_wconf 91' lang='lat' dir='ltr'>Dom</span> <span class='ocrx_word' id='word_1_261' title='bbox 1076 2966 1221 3036; x_wconf 77' lang='lat' dir='ltr'>Kaypers,</span> <span class='ocrx_word' id='word_1_262' title='bbox 1249 2970 1307 3020; x_wconf 81' lang='lat' dir='ltr'>The</span> <span class='ocrx_word' id='word_1_263' title='bbox 1325 2970 1402 3021; x_wconf 85' lang='lat' dir='ltr'>Book</span> <span class='ocrx_word' id='word_1_264' title='bbox 1425 2970 1455 3021; x_wconf 95' lang='lat' dir='ltr'>of</span> 
     </span>
     <span class='ocr_line' id='line_1_39' title="bbox 264 3036 1450 3106; baseline -0.002 -15"><span class='ocrx_word' id='word_1_265' title='bbox 264 3041 362 3100; x_wconf 81' lang='lat' dir='ltr'>Cerne,</span> <span class='ocrx_word' id='word_1_266' title='bbox 385 3057 409 3106; x_wconf 93' lang='lat' dir='ltr'>p.</span> <span class='ocrx_word' id='word_1_267' title='bbox 435 3037 467 3090; x_wconf 82' lang='lat'>91</span> <span class='ocrx_word' id='word_1_268' title='bbox 493 3055 519 3090; x_wconf 90' lang='grc' dir='ltr'>ιι.</span> <span class='ocrx_word' id='word_1_269' title='bbox 539 3036 601 3101; x_wconf 87' lang='grc'>211;</span> <span class='ocrx_word' id='word_1_270' title='bbox 627 3039 670 3088; x_wconf 90' lang='lat' dir='ltr'>die</span> <span class='ocrx_word' id='word_1_271' title='bbox 688 3041 817 3089; x_wconf 86' lang='lat' dir='ltr'>Lesarten</span> <span class='ocrx_word' id='word_1_272' title='bbox 834 3054 888 3088; x_wconf 91' lang='lat' dir='ltr'>von</span> <span class='ocrx_word' id='word_1_273' title='bbox 905 3038 930 3088; x_wconf 75' lang='lat' dir='ltr'>A</span> <span class='ocrx_word' id='word_1_274' title='bbox 948 3040 1073 3089; x_wconf 90' lang='lat' dir='ltr'>entnahm</span> <span class='ocrx_word' id='word_1_275' title='bbox 1092 3039 1135 3088; x_wconf 89' lang='lat' dir='ltr'>ich</span> <span class='ocrx_word' id='word_1_276' title='bbox 1153 3041 1248 3090; x_wconf 88' lang='lat' dir='ltr'>dassen</span> <span class='ocrx_word' id='word_1_277' title='bbox 1266 3039 1450 3091; x_wconf 80' lang='lat' dir='ltr'>Publilration.</span> 
     </span>
    </p>

    <p class='ocr_par' dir='ltr' id='par_1_14' title="bbox 335 3105 1251 3174">
     <span class='ocr_line' id='line_1_40' title="bbox 335 3105 1251 3174; baseline 0 -16"><span class='ocrx_word' id='word_1_278' title='bbox 335 3109 406 3160; x_wconf 83' lang='lat' dir='ltr'>Titel</span> <span class='ocrx_word' id='word_1_279' title='bbox 424 3110 453 3158; x_wconf 92' lang='lat' dir='ltr'>in</span> <span class='ocrx_word' id='word_1_280' title='bbox 471 3107 507 3158; x_wconf 81' lang='lat' dir='ltr'>A:</span> <span class='ocrx_word' id='word_1_281' title='bbox 528 3109 635 3174; x_wconf 83' lang='lat' dir='ltr'>,Oratio</span> <span class='ocrx_word' id='word_1_282' title='bbox 653 3105 808 3169; x_wconf 85' lang='lat' dir='ltr'>matutina“,</span> <span class='ocrx_word' id='word_1_283' title='bbox 829 3109 859 3156; x_wconf 92' lang='lat' dir='ltr'>in</span> <span class='ocrx_word' id='word_1_284' title='bbox 877 3110 913 3157; x_wconf 91' lang='lat' dir='ltr'>B:</span> <span class='ocrx_word' id='word_1_285' title='bbox 935 3109 1042 3173; x_wconf 85' lang='lat' dir='ltr'>„Oratio</span> <span class='ocrx_word' id='word_1_286' title='bbox 1061 3105 1251 3158; x_wconf 83' lang='lat' dir='ltr'>matutinalis.“</span> 
     </span>
    </p>
   </div>
   <div class='ocr_carea' id='block_1_12' title="bbox 654 3412 1081 3483">
    <p class='ocr_par' dir='ltr' id='par_1_15' title="bbox 654 3412 1081 3483">
     <span class='ocr_line' id='line_1_41' title="bbox 654 3412 1081 3483; baseline 0.005 -16"><span class='ocrx_word' id='word_1_287' title='bbox 654 3413 716 3470; x_wconf 73' lang='lat'>225.</span> <span class='ocrx_word' id='word_1_288' title='bbox 745 3412 853 3469; x_wconf 80' lang='lat' dir='ltr'>Oratio</span> <span class='ocrx_word' id='word_1_289' title='bbox 872 3414 1081 3483; x_wconf 56' lang='lat' dir='ltr'>vespertina,</span> 
     </span>
    </p>
   </div>
   <div class='ocr_carea' id='block_1_13' title="bbox 271 3592 773 3916">
    <p class='ocr_par' dir='ltr' id='par_1_16' title="bbox 271 3592 773 3916">
     <span class='ocr_line' id='line_1_42' title="bbox 271 3592 769 3670; baseline 0 -20"><span class='ocrx_word' id='word_1_290' title='bbox 271 3593 298 3651; x_wconf 94' lang='lat'>1.</span> <span class='ocrx_word' id='word_1_291' title='bbox 335 3594 370 3651; x_wconf 94' lang='lat' dir='ltr'>ln</span> <span class='ocrx_word' id='word_1_292' title='bbox 393 3608 465 3664; x_wconf 91' lang='lat' dir='ltr'>pace</span> <span class='ocrx_word' id='word_1_293' title='bbox 488 3592 597 3652; x_wconf 82' lang='lat' dir='ltr'>Christi</span> <span class='ocrx_word' id='word_1_294' title='bbox 620 3592 769 3670; x_wconf 87' lang='lat' dir='ltr'>dormiam,</span> 
     </span>
     <span class='ocr_line' id='line_1_43' title="bbox 334 3677 773 3737; baseline -0.005 0"><span class='ocrx_word' id='word_1_295' title='bbox 334 3677 376 3737; x_wconf 90' lang='lat' dir='ltr'>Ut</span> <span class='ocrx_word' id='word_1_296' title='bbox 396 3677 506 3735; x_wconf 88' lang='lat' dir='ltr'>nullum</span> <span class='ocrx_word' id='word_1_297' title='bbox 529 3678 636 3735; x_wconf 89' lang='lat' dir='ltr'>malum</span> <span class='ocrx_word' id='word_1_298' title='bbox 660 3678 773 3737; x_wconf 89' lang='lat' dir='ltr'>videam</span> 
     </span>
     <span class='ocr_line' id='line_1_44' title="bbox 333 3762 647 3823; baseline -0.006 -1"><span class='ocrx_word' id='word_1_299' title='bbox 333 3765 361 3822; x_wconf 87' lang='lat' dir='ltr'>A</span> <span class='ocrx_word' id='word_1_300' title='bbox 383 3763 466 3821; x_wconf 90' lang='lat' dir='ltr'>malis</span> <span class='ocrx_word' id='word_1_301' title='bbox 488 3762 647 3823; x_wconf 89' lang='lat' dir='ltr'>visionibus</span> 
     </span>
     <span class='ocr_line' id='line_1_45' title="bbox 334 3848 725 3916; baseline -0.003 -10"><span class='ocrx_word' id='word_1_302' title='bbox 334 3848 368 3906; x_wconf 92' lang='lat' dir='ltr'>In</span> <span class='ocrx_word' id='word_1_303' title='bbox 390 3848 523 3907; x_wconf 88' lang='lat' dir='ltr'>noctibus</span> <span class='ocrx_word' id='word_1_304' title='bbox 545 3848 725 3916; x_wconf 90' lang='lat' dir='ltr'>nocentibus,</span> 
     </span>
    </p>
   </div>
   <div class='ocr_carea' id='block_1_14' title="bbox 271 4038 763 4370">
    <p class='ocr_par' dir='ltr' id='par_1_17' title="bbox 271 4038 763 4370">
     <span class='ocr_line' id='line_1_46' title="bbox 271 4038 691 4103; baseline -0.012 -3"><span class='ocrx_word' id='word_1_305' title='bbox 271 4044 299 4103; x_wconf 85' lang='lat'>2.</span> <span class='ocrx_word' id='word_1_306' title='bbox 335 4038 393 4098; x_wconf 82' lang='lat' dir='ltr'>Sed</span> <span class='ocrx_word' id='word_1_307' title='bbox 416 4039 554 4098; x_wconf 87' lang='lat' dir='ltr'>visionem</span> <span class='ocrx_word' id='word_1_308' title='bbox 577 4039 691 4098; x_wconf 87' lang='lat' dir='ltr'>videaur</span> 
     </span>
     <span class='ocr_line' id='line_1_47' title="bbox 334 4124 763 4200; baseline -0.005 -17"><span class='ocrx_word' id='word_1_309' title='bbox 334 4124 469 4184; x_wconf 88' lang='lat' dir='ltr'>Divinam</span> <span class='ocrx_word' id='word_1_310' title='bbox 491 4141 526 4182; x_wconf 95' lang='lat' dir='ltr'>ac</span> <span class='ocrx_word' id='word_1_311' title='bbox 547 4125 763 4200; x_wconf 81' lang='lat' dir='ltr'>propheticam3</span> 
     </span>
     <span class='ocr_line' id='line_1_48' title="bbox 333 4209 723 4286; baseline -0.008 -15"><span class='ocrx_word' id='word_1_312' title='bbox 333 4211 415 4284; x_wconf 82' lang='lat' dir='ltr'>Rogo</span> <span class='ocrx_word' id='word_1_313' title='bbox 437 4216 549 4284; x_wconf 89' lang='lat' dir='ltr'>patrem</span> <span class='ocrx_word' id='word_1_314' title='bbox 572 4209 723 4286; x_wconf 86' lang='lat' dir='ltr'>etlilium,</span> 
     </span>
     <span class='ocr_line' id='line_1_49' title="bbox 336 4296 734 4370; baseline 0.005 -15"><span class='ocrx_word' id='word_1_315' title='bbox 336 4297 416 4370; x_wconf 82' lang='lat' dir='ltr'>Rogo</span> <span class='ocrx_word' id='word_1_316' title='bbox 438 4296 571 4369; x_wconf 88' lang='lat' dir='ltr'>spiritum</span> <span class='ocrx_word' id='word_1_317' title='bbox 595 4302 734 4357; x_wconf 87' lang='lat' dir='ltr'>sanctum.</span> 
     </span>
    </p>
   </div>
   <div class='ocr_carea' id='block_1_15' title="bbox 274 4484 781 4816">
    <p class='ocr_par' dir='ltr' id='par_1_18' title="bbox 274 4484 781 4816">
     <span class='ocr_line' id='line_1_50' title="bbox 274 4484 726 4559; baseline -0.009 -14"><span class='ocrx_word' id='word_1_318' title='bbox 274 4489 304 4545; x_wconf 87' lang='lat'>3.</span> <span class='ocrx_word' id='word_1_319' title='bbox 338 4485 419 4557; x_wconf 82' lang='lat' dir='ltr'>Rogo</span> <span class='ocrx_word' id='word_1_320' title='bbox 441 4500 545 4542; x_wconf 89' lang='lat' dir='ltr'>novam</span> <span class='ocrx_word' id='word_1_321' title='bbox 566 4484 726 4559; x_wconf 83' lang='lat' dir='ltr'>ecclesiam,</span> 
     </span>
     <span class='ocr_line' id='line_1_51' title="bbox 335 4570 736 4643; baseline -0.007 -14"><span class='ocrx_word' id='word_1_322' title='bbox 335 4571 416 4643; x_wconf 79' lang='lat' dir='ltr'>Rogo</span> <span class='ocrx_word' id='word_1_323' title='bbox 438 4570 558 4628; x_wconf 90' lang='lat' dir='ltr'>Henoch</span> <span class='ocrx_word' id='word_1_324' title='bbox 581 4575 609 4627; x_wconf 92' lang='lat' dir='ltr'>et</span> <span class='ocrx_word' id='word_1_325' title='bbox 631 4570 736 4641; x_wconf 84' lang='lat' dir='ltr'>Ellam,</span> 
     </span>
     <span class='ocr_line' id='line_1_52' title="bbox 335 4655 761 4729; baseline -0.007 -15"><span class='ocrx_word' id='word_1_326' title='bbox 335 4657 416 4729; x_wconf 82' lang='lat' dir='ltr'>Rogo</span> <span class='ocrx_word' id='word_1_327' title='bbox 439 4655 620 4728; x_wconf 89' lang='lat' dir='ltr'>patriarchas</span> <span class='ocrx_word' id='word_1_328' title='bbox 643 4661 761 4728; x_wconf 87' lang='lat' dir='ltr'>septem,</span> 
     </span>
     <span class='ocr_line' id='line_1_53' title="bbox 334 4741 781 4816; baseline 0.002 -16"><span class='ocrx_word' id='word_1_329' title='bbox 334 4741 415 4816; x_wconf 80' lang='lat' dir='ltr'>Rogo</span> <span class='ocrx_word' id='word_1_330' title='bbox 437 4741 593 4814; x_wconf 84' lang='lat' dir='ltr'>baptistam</span> <span class='ocrx_word' id='word_1_331' title='bbox 616 4742 781 4801; x_wconf 88' lang='lat' dir='ltr'>Iohannem.</span> 
     </span>
    </p>
   </div>
   <div class='ocr_carea' id='block_1_16' title="bbox 889 3591 1391 3924">
    <p class='ocr_par' dir='ltr' id='par_1_19' title="bbox 889 3591 1391 3924">
     <span class='ocr_line' id='line_1_54' title="bbox 889 3591 1305 3666; baseline -0.007 -15"><span class='ocrx_word' id='word_1_332' title='bbox 889 3595 918 3651; x_wconf 87' lang='lat'>4.</span> <span class='ocrx_word' id='word_1_333' title='bbox 953 3593 1034 3666; x_wconf 80' lang='lat' dir='ltr'>Rogo</span> <span class='ocrx_word' id='word_1_334' title='bbox 1057 3591 1156 3650; x_wconf 89' lang='lat' dir='ltr'>beatos</span> <span class='ocrx_word' id='word_1_335' title='bbox 1179 3591 1305 3666; x_wconf 84' lang='lat' dir='ltr'>angelos,</span> 
     </span>
     <span class='ocr_line' id='line_1_55' title="bbox 952 3676 1334 3751; baseline -0.005 -15"><span class='ocrx_word' id='word_1_336' title='bbox 952 3679 1033 3751; x_wconf 84' lang='lat' dir='ltr'>Rogo</span> <span class='ocrx_word' id='word_1_337' title='bbox 1056 3694 1155 3738; x_wconf 88' lang='lat' dir='ltr'>omnes</span> <span class='ocrx_word' id='word_1_338' title='bbox 1177 3676 1334 3750; x_wconf 88' lang='lat' dir='ltr'>apostolos,</span> 
     </span>
     <span class='ocr_line' id='line_1_56' title="bbox 953 3761 1391 3837; baseline -0.002 -16"><span class='ocrx_word' id='word_1_339' title='bbox 953 3764 1033 3837; x_wconf 83' lang='lat' dir='ltr'>Rogo</span> <span class='ocrx_word' id='word_1_340' title='bbox 1056 3764 1214 3837; x_wconf 88' lang='lat' dir='ltr'>prophetas</span> <span class='ocrx_word' id='word_1_341' title='bbox 1236 3761 1391 3837; x_wconf 86' lang='lat' dir='ltr'>perfectos,</span> 
     </span>
     <span class='ocr_line' id='line_1_57' title="bbox 952 3849 1338 3924; baseline 0.003 -16"><span class='ocrx_word' id='word_1_342' title='bbox 952 3849 1032 3922; x_wconf 79' lang='lat' dir='ltr'>Rogo</span> <span class='ocrx_word' id='word_1_343' title='bbox 1055 3859 1198 3924; x_wconf 89' lang='lat' dir='ltr'>martyres</span> <span class='ocrx_word' id='word_1_344' title='bbox 1221 3850 1338 3910; x_wconf 89' lang='lat' dir='ltr'>electos.</span> 
     </span>
    </p>
   </div>
   <div class='ocr_carea' id='block_1_17' title="bbox 889 4040 1432 4370">
    <p class='ocr_par' dir='ltr' id='par_1_20' title="bbox 889 4040 1432 4370">
     <span class='ocr_line' id='line_1_58' title="bbox 889 4040 1352 4114; baseline -0.004 -15"><span class='ocrx_word' id='word_1_345' title='bbox 889 4042 918 4099; x_wconf 86' lang='lat'>5.</span> <span class='ocrx_word' id='word_1_346' title='bbox 953 4040 1034 4113; x_wconf 82' lang='lat' dir='ltr'>Rogo</span> <span class='ocrx_word' id='word_1_347' title='bbox 1056 4040 1162 4097; x_wconf 87' lang='lat' dir='ltr'>iustum</span> <span class='ocrx_word' id='word_1_348' title='bbox 1185 4040 1352 4114; x_wconf 91' lang='lat' dir='ltr'>Patricium,</span> 
     </span>
     <span class='ocr_line' id='line_1_59' title="bbox 951 4125 1357 4203; baseline 0 -19"><span class='ocrx_word' id='word_1_349' title='bbox 951 4125 1032 4198; x_wconf 81' lang='lat' dir='ltr'>Rogo</span> <span class='ocrx_word' id='word_1_350' title='bbox 1057 4132 1186 4184; x_wconf 88' lang='lat' dir='ltr'>sanctum</span> <span class='ocrx_word' id='word_1_351' title='bbox 1210 4126 1357 4203; x_wconf 86' lang='lat' dir='ltr'>Ciricium,</span> 
     </span>
     <span class='ocr_line' id='line_1_60' title="bbox 953 4210 1360 4284; baseline 0 -15"><span class='ocrx_word' id='word_1_352' title='bbox 953 4210 1034 4284; x_wconf 80' lang='lat' dir='ltr'>Rogo</span> <span class='ocrx_word' id='word_1_353' title='bbox 1056 4212 1155 4271; x_wconf 90' lang='lat' dir='ltr'>mundi</span> <span class='ocrx_word' id='word_1_354' title='bbox 1178 4212 1360 4284; x_wconf 87' lang='lat' dir='ltr'>salvatorem,</span> 
     </span>
     <span class='ocr_line' id='line_1_61' title="bbox 953 4297 1432 4370; baseline -0.002 -15"><span class='ocrx_word' id='word_1_355' title='bbox 953 4297 1036 4370; x_wconf 79' lang='lat' dir='ltr'>Rogo</span> <span class='ocrx_word' id='word_1_356' title='bbox 1058 4303 1188 4356; x_wconf 90' lang='lat' dir='ltr'>nostrum</span> <span class='ocrx_word' id='word_1_357' title='bbox 1210 4298 1432 4370; x_wconf 89' lang='lat' dir='ltr'>redemptorem,</span> 
     </span>
    </p>
   </div>
   <div class='ocr_carea' id='block_1_18' title="bbox 888 4480 1452 4818">
    <p class='ocr_par' dir='ltr' id='par_1_21' title="bbox 888 4480 1452 4818">
     <span class='ocr_line' id='line_1_62' title="bbox 888 4480 1418 4561; baseline -0.004 -17"><span class='ocrx_word' id='word_1_358' title='bbox 888 4487 917 4546; x_wconf 90' lang='lat'>6.</span> <span class='ocrx_word' id='word_1_359' title='bbox 952 4480 1021 4561; x_wconf 85' lang='lat' dir='ltr'>(Ut)</span> <span class='ocrx_word' id='word_1_360' title='bbox 1044 4485 1168 4543; x_wconf 87' lang='lat' dir='ltr'>animam</span> <span class='ocrx_word' id='word_1_361' title='bbox 1190 4501 1283 4543; x_wconf 90' lang='lat' dir='ltr'>meam</span> <span class='ocrx_word' id='word_1_362' title='bbox 1305 4485 1418 4544; x_wconf 87' lang='lat' dir='ltr'>salvare</span> 
     </span>
     <span class='ocr_line' id='line_1_63' title="bbox 952 4564 1452 4648; baseline 0.014 -23"><span class='ocrx_word' id='word_1_363' title='bbox 952 4564 1141 4648; x_wconf 80' lang='lat' dir='ltr'>(Diguentur)</span> <span class='ocrx_word' id='word_1_364' title='bbox 1150 4571 1180 4628; x_wconf 93' lang='lat' dir='ltr'>in</span> <span class='ocrx_word' id='word_1_365' title='bbox 1189 4571 1268 4628; x_wconf 86' lang='lat' dir='ltr'>exitu</span> <span class='ocrx_word' id='word_1_366' title='bbox 1277 4570 1314 4629; x_wconf 91' lang='lat' dir='ltr'>de</span> <span class='ocrx_word' id='word_1_367' title='bbox 1322 4586 1452 4644; x_wconf 85' lang='lat' dir='ltr'>corpore.</span> 
     </span>
     <span class='ocr_line' id='line_1_64' title="bbox 953 4655 1345 4732; baseline 0.013 -20"><span class='ocrx_word' id='word_1_368' title='bbox 953 4655 994 4712; x_wconf 86' lang='lat' dir='ltr'>Tc</span> <span class='ocrx_word' id='word_1_369' title='bbox 1017 4656 1166 4728; x_wconf 86' lang='lat' dir='ltr'>deprecor,</span> <span class='ocrx_word' id='word_1_370' title='bbox 1189 4660 1220 4714; x_wconf 90' lang='lat' dir='ltr'>ut</span> <span class='ocrx_word' id='word_1_371' title='bbox 1245 4656 1345 4732; x_wconf 86' lang='lat' dir='ltr'>debeo,</span> 
     </span>
     <span class='ocr_line' id='line_1_65' title="bbox 954 4739 1327 4818; baseline 0.008 -20"><span class='ocrx_word' id='word_1_372' title='bbox 954 4739 1058 4800; x_wconf 78' lang='lat' dir='ltr'>(lerdis</span> <span class='ocrx_word' id='word_1_373' title='bbox 1081 4742 1137 4800; x_wconf 90' lang='lat' dir='ltr'>mei</span> <span class='ocrx_word' id='word_1_374' title='bbox 1159 4757 1194 4800; x_wconf 87' lang='lat' dir='ltr'>ex</span> <span class='ocrx_word' id='word_1_375' title='bbox 1215 4741 1327 4818; x_wconf 92' lang='lat' dir='ltr'>intimo,</span> 
     </span>
    </p>
   </div>
   <div class='ocr_carea' id='block_1_19' title="bbox 0 0 1826 5550">
    <p class='ocr_par' dir='ltr' id='par_1_22' title="bbox 0 0 1826 5550">
     <span class='ocr_line' id='line_1_66' title="bbox 0 0 1826 5550; baseline 0 7"><span class='ocrx_word' id='word_1_376' title='bbox 0 0 1826 5550; x_wconf 95' lang='lat' dir='ltr'> </span> 
     </span>
    </p>
   </div>
  </div>
 </body>
</html>
