3642 5550
349 628 385 678 11.
415 629 456 679 De
473 625 586 677 Sanctis.
606 655 638 664 —
656 628 687 678 B.
713 626 815 691 Hymni
833 627 864 678 de
883 624 987 678 Sanctis
1005 626 1119 693 Proprii.
1155 629 1195 678 De
1213 644 1233 676 s.
1252 625 1394 694 Stephane.
1430 623 1491 689 231

523 805 552 862 6.
587 802 625 860 Et
647 807 716 859 tunc
738 801 822 859 arida
844 801 890 859 vel
913 802 961 860 siti
982 806 1101 874 perusta

585 887 708 960 Accepit
730 887 842 962 pluvias
866 887 916 945 diu
937 893 1055 960 negatas

586 973 684 1031 Tellus
706 973 881 1047 germinibus
903 973 958 1031 seli
982 972 1122 1033 creandis,

525 1164 552 1221 7.
583 1162 645 1220 Hos
666 1166 770 1219 testem
793 1162 890 1221 decuit
911 1160 1020 1220 honore
1041 1161 1114 1234 tolli,
1183 1211 1188 1222 ,

586 1248 711 1306 Imbrem
733 1248 780 1321 qui
803 1248 933 1321 lapidum
956 1245 1069 1305 terebat
1092 1247 1179 1322 ultro,

587 1334 689 1408 Oreus,
712 1333 802 1407 impia
823 1348 860 1391 ne
882 1350 983 1391 manus
1006 1332 1125 1406 periret.

385 1520 493 1571 Colleet.
517 1537 566 1571 ms.
589 1520 765 1585 Sangallense
789 1536 856 1570 saec.
880 1517 925 1584 (8.)
949 1516 987 1570 10.
1011 1518 1071 1585 (11).
1113 1519 1177 1571 Ood.
1201 1519 1353 1586 Sangallen.
1378 1518 1436 1571 242.
1461 1546 1496 1554 -

318 1586 340 1650 l,
361 1585 377 1638 3
395 1589 564 1640 Gamaliheli.
582 1618 616 1626 —
633 1589 693 1654 Vgl.
712 1592 781 1639 Note
798 1605 858 1639 aum
875 1588 1108 1654 vorhergehenden
1125 1589 1256 1652 Hymnus.

415 1894 477 1950 201.
506 1895 602 1963 „Item
620 1894 700 1951 alius
718 1895 754 1949 cle
773 1894 931 1951 Miraculis
951 1895 1047 1964 ipsius
1065 1894 1096 1949 in
1114 1887 1220 1951 Africa
1238 1896 1402 1955 estensis.“

672 2020 820 2083 Hymnus
838 2018 983 2068 Notlreri
1002 2019 1146 2068 Balbuli.

546 2191 575 2251 1.
610 2192 649 2251 Ut
672 2193 816 2250 revelatus
839 2191 1002 2264 Stephanus
1025 2191 1159 2266 micabat,

608 2278 680 2336 Ossa
700 2283 767 2336 sunt
790 2277 850 2336 eius
874 2275 961 2335 celeri
984 2283 1079 2335 meatu

609 2360 811 2421 Africanorum
837 2362 951 2421 steriles
973 2377 1026 2435 per
1047 2379 1131 2439 agros

728 2448 836 2521 Sparsa
858 2448 992 2507 serendo.

544 2640 571 2700 2.
605 2637 693 2694 Flore
716 2636 752 2693 de
775 2652 894 2709 quorum
917 2636 1021 2693 mulier
1041 2637 1184 2695 medelam

608 2723 702 2781 Dante
724 2722 874 2781 Praeiecto
896 2722 1001 2781 meruit
1024 2728 1154 2796 patrono,

608 2809 684 2881 Quos
708 2809 866 2867 tenebratis
888 2808 978 2866 oculis
1001 2809 1198 2882 propinquans

725 2895 809 2954 Vidit
831 2900 941 2967 aperte.

545 3104 574 3162 3.
607 3102 704 3160 Messe
726 3101 762 3159 de
784 3117 903 3173 querum
926 3101 1069 3160 medicina
1090 3101 1183 3159 dulcis

607 3186 768 3244 Devehenti
791 3185 922 3259 pontifici
943 3185 1023 3244 fideli

607 3273 703 3347 Venit,
725 3280 757 3330 ut
779 3287 833 3330 nec
854 3270 951 3330 fistula
972 3289 1062 3343 parva
1084 3272 1183 3330 morbo

727 3358 787 3415 Iam
811 3363 983 3430 superesset.

545 3567 573 3626 4.
608 3562 718 3622 Calculi
739 3562 855 3621 morbus
878 3563 983 3622 nimius
1004 3570 1153 3638 vetusque,

607 3651 667 3719 Quo
690 3649 825 3706 laborans
849 3649 1007 3708 Eucherius
1030 3651 1147 3723 periret,

496 3744 509 3767 ⁶
608 3736 847 3806 Temperamento
871 3734 1035 3807 Stephanus
1057 3736 1166 3794 salubri

726 3820 781 3878 Est
802 3826 962 3892 superatus.

545 4029 572 4085 5.
607 4026 711 4084 Martis
734 4030 763 4083 et
784 4042 900 4086 saevum
923 4027 1085 4100 Stephanus
1108 4030 1249 4102 periclum

608 4113 695 4169 Veste
717 4113 830 4185 signata
852 4129 887 4170 ac
910 4113 993 4172 citius
1016 4115 1136 4173 remissa

608 4196 656 4256 Sic
679 4198 827 4271 repressit,
850 4200 1004 4271 presbyter
1024 4205 1057 4258 ut
1078 4200 1180 4258 salutis

727 4284 850 4343 Munera
873 4282 972 4347 ferret.

545 4491 573 4550 6.
607 4487 763 4557 Martialis,
787 4492 818 4545 tu
841 4488 981 4561 Stephani
1003 4490 1125 4563 gemella

607 4573 757 4645 Sospitans
780 4589 857 4649 cura,
882 4574 1025 4632 dominnm
1049 4582 1193 4648 patentem

609 4658 713 4717 Mortis
736 4664 765 4714 et
787 4659 863 4716 vitae
886 4659 1033 4718 celebrare
1056 4661 1201 4720 Christum

725 4743 818 4816 Saepe
840 4745 961 4806 solebas.
