3642 5550
504 641 538 690 II.
565 641 606 691 De
625 641 737 692 Sanctis.
756 667 790 675 -
807 641 838 690 A.
857 642 958 705 Hymni
976 641 1009 691 de
1027 642 1131 691 Sanctis
1149 642 1313 695 Communes.
1436 646 1495 708 131

319 819 353 875 3.
388 814 445 872 Hic
467 829 569 886 nempe
590 813 689 872 mundi
712 814 818 887 gaudia
939 821 967 875 o.
1001 815 1047 872 Ex
1069 815 1123 872 hoc
1145 814 1227 874 furor
1249 818 1380 875 vesaniae

387 899 427 957 Et
449 898 648 957 blandimenta
669 900 756 957 noxia
1002 900 1090 958 Iussit
1112 901 1213 973 perimi
1236 908 1391 973 martyrem

388 984 505 1043 Caduca
527 985 582 1042 rite
605 985 746 1056 deputans
1001 986 1168 1057 lustumque
1190 988 1278 1047 terris
1301 987 1392 1064 obrui,

386 1069 522 1129 Pervenit
544 1070 581 1128 ad
605 1069 751 1129 caelestia.
1003 1072 1090 1142 Quem
1114 1088 1203 1144 regna
1225 1071 1296 1130 caeli
1320 1074 1474 1135 continent.

320 1260 350 1319 4.
389 1257 519 1329 Tempsit
541 1256 656 1330 tyranni
680 1255 802 1330 vincula,
939 1258 967 1316 7.
1002 1257 1058 1314 Hic
1080 1274 1132 1314 nos
1155 1264 1306 1330 precantes
1329 1260 1474 1332 supplices

387 1341 474 1400 Diras
497 1348 622 1416 catenas,
645 1342 768 1399 verbera
1001 1342 1043 1399 Te
1065 1344 1218 1415 poscimus,
1241 1344 1378 1417 piissime,

386 1427 426 1485 Et
448 1443 518 1486 voce
542 1429 620 1486 clara
642 1428 755 1486 nuntiat
1003 1427 1037 1485 In
1060 1428 1114 1485 hoc
1136 1430 1282 1501 triumpho
1304 1432 1439 1505 martyris

388 1513 480 1570 Deum
503 1528 616 1571 creasse
638 1512 743 1572 omnia.
1002 1514 1122 1571 Dimitte
1144 1531 1247 1573 noxam
1269 1517 1400 1590 servulis,

321 1705 354 1761 5.
390 1702 500 1761 Poenas
523 1701 649 1759 cucurrit
670 1698 786 1759 fortiter
939 1702 968 1760 8.
1002 1702 1043 1760 Ut
1065 1707 1176 1775 partem
1199 1702 1259 1758 eius
1282 1702 1407 1760 muneris

389 1786 428 1845 Et
450 1787 566 1844 sustulit
590 1785 722 1860 viriliter,
1001 1787 1205 1845 Hereditcmur
1226 1787 1351 1865 congmi,

388 1871 444 1930 Pro
467 1879 496 1929 te
518 1870 665 1930 effundens
688 1871 853 1944 sanguinem
1004 1872 1159 1929 Laetamur
1180 1874 1210 1930 in
1232 1880 1402 1946 perpetuum

387 1959 515 2015 Aeterna
538 1958 614 2015 dona
636 1956 775 2029 possidet.
1004 1958 1098 2017 iuncti
1120 1960 1251 2030 polorum
1273 1959 1365 2018 atriis.

366 2192 369 2197 ι
390 2162 467 2210 Brev.
492 2176 539 2209 ms.
557 2160 644 2210 Vallis
661 2160 821 2226 Travagliae
844 2175 913 2211 saec.
934 2159 973 2211 ll.
1010 2160 1072 2211 Cod.
1091 2160 1176 2225 Capit.
1194 2161 1371 2211 Mediolanen.
1392 2159 1448 2212 155.
1467 2162 1498 2211 Α.

320 2256 355 2265 ·-
372 2229 497 2279 Manuale
519 2244 567 2277 ms.
584 2228 783 2279 Mediolanense
806 2244 874 2279 saec.
900 2226 940 2279 13.
976 2229 1037 2279 Cod.
1057 2229 1264 2281 Ambrosianc
1288 2226 1322 2277 23
1345 2231 1391 2280 inf.
1412 2233 1440 2280 B.
1465 2259 1498 2267 -

318 2298 404 2348 Psalt.
422 2302 449 2347 et
466 2299 565 2362 Hymn.
583 2313 631 2347 ms.
651 2297 676 2347 S.
697 2298 806 2362 Georgii
823 2300 851 2347 in
868 2298 974 2347 Palatio
993 2312 1060 2346 saec.
1082 2293 1119 2346 13.
1157 2297 1220 2347 Cod.
1239 2298 1405 2352 Ambrosian.
1424 2299 1447 2348 E
1467 2296 1497 2348 71

322 2368 337 2416 b
362 2365 408 2416 inf.
432 2367 461 2417 Ο.
488 2396 521 2403 -
544 2366 643 2430 Hymn.
667 2383 714 2415 ms.
733 2367 889 2416 Monasterii
907 2367 1066 2415 Parisiensis
1090 2380 1158 2416 saec.
1183 2362 1222 2415 12.
1258 2365 1499 2418 Cod.001marien.

319 2431 380 2485 442.
399 2435 433 2485 D.
451 2461 485 2470 —
503 2437 580 2485 Brev.
598 2451 646 2483 ms.
664 2434 841 2485 Altovadense
859 2450 927 2485 saec.
947 2430 986 2483 14.
1006 2435 1041 2483 in.
1077 2434 1141 2484 eod.
1159 2434 1314 2484 Altovaden.
1333 2435 1386 2484 CV.
1405 2435 1437 2484 E.

391 2500 420 2563 l,
444 2498 460 2553 3
479 2507 623 2567 martyrum
641 2504 669 2554 C.
687 2530 722 2537 —
740 2501 770 2564 2,
792 2500 810 2552 4
828 2503 989 2552 Effusionem
1008 2504 1038 2552 B.
1056 2528 1088 2538 —
1107 2499 1137 2563 4,
1158 2498 1175 2551 3
1192 2504 1318 2552 nuntians
1337 2503 1364 2552 C.
1382 2530 1417 2537 -
1435 2500 1464 2563 6,
1483 2501 1500 2552 2

321 2576 450 2636 martyres
469 2572 497 2622 C.
515 2596 549 2605 -
566 2568 590 2631 6,
609 2570 626 2623 3
645 2573 787 2638 Iustusque
805 2572 844 2634 A;
864 2572 977 2621 obruens
995 2572 1063 2621 ABG
1081 2570 1162 2632 (ware
1180 2570 1312 2621 eventuell
1331 2572 1379 2619 auf
1395 2567 1497 2635 „furor“

320 2659 355 2692 zu
372 2638 517 2700 beuiehen).
534 2666 568 2675 -
585 2636 615 2701 6,
638 2637 812 2690 4continens
830 2640 861 2689 A.
879 2666 912 2674 —
933 2637 961 2699 7,
988 2635 1092 2688 lHinc
1109 2640 1141 2689 E.
1162 2668 1194 2676 -
1212 2637 1241 2699 8,
1269 2638 1281 2687 1
1302 2644 1401 2703 partem
1419 2639 1498 2688 huius

320 2710 379 2760 DE.
389 2736 424 2745 —
436 2704 461 2769 8,
475 2706 704 2759 2Haereditemus
714 2709 795 2758 ΑΒΕ.
808 2734 843 2745 -
854 2709 901 2758 Ala
913 2708 1062 2772 Doxologie
1073 2709 1153 2773 fiigan
1163 2708 1256 2758 BCDE
1269 2709 1323 2757 bei:
1338 2708 1429 2758 Gloria
1441 2710 1499 2767 tibi,

321 2780 445 2840 Domine,
460 2775 465 2837 Ι
481 2778 574 2829 Gloria
590 2780 736 2845 unigenito.
754 2805 788 2812 -
803 2778 893 2828 Durch
911 2778 1066 2842 Einfirgung
1079 2777 1108 2840 je
1126 2780 1199 2827 einer
1211 2777 1324 2841 Strophe
1341 2778 1409 2826 nach
1423 2777 1499 2840 jeder

321 2846 435 2912 Strophe
454 2847 500 2897 d'es
512 2847 716 2914 Originalliedes
734 2846 822 2897 wurde
840 2847 883 2897 die
895 2843 1026 2895 Achtzahl
1046 2847 1092 2896 der
1103 2848 1226 2910 Hymnen
1238 2846 1283 2896 des
1296 2845 1331 2894 hl.
1345 2847 1498 2896 Ambrosius

321 2916 420 2966 enialt.
447 2943 482 2951 —
498 2918 560 2967 wie
584 2916 666 2966 achon
689 2917 775 2981 einige
793 2915 877 2975 Male,
903 2915 983 2965 sehen
1007 2917 1055 2963 wir
1078 2915 1145 2964 auch
1169 2910 1228 2964 hier
1248 2914 1291 2964 die
1311 2909 1500 2964 Cistetct'enser

320 2985 365 3035 die
381 2984 576 3035 Mailandische
592 2981 842 3048 (Ambrosianisclra)
859 2985 937 3033 Form
955 2982 1111 3033 aufnchmen
1129 2983 1192 3049 (vgl.
1210 2985 1256 3034 Nr.
1276 2979 1308 3032 75
1326 2983 1379 3032 und
1397 2979 1447 3045 87).

703 3288 765 3345 115.
793 3288 828 3343 In
846 3287 936 3344 unius
954 3288 1110 3356 Martyris.

527 3482 556 3542 1.
592 3483 707 3555 Martyr
729 3481 854 3556 egregia,
877 3481 940 3539 Deo
963 3481 1079 3551 dilecte,

589 3567 637 3625 Ad
660 3571 689 3624 te
712 3567 899 3626 clamantium
925 3582 1007 3625 voces
1030 3572 1146 3625 tuorum

591 3652 736 3726 Propitius
758 3650 838 3726 audi,
862 3656 962 3710 sancte
984 3649 1100 3725 Georgi.

527 3862 556 3919 2.
588 3858 632 3917 Tu
654 3873 708 3930 pcr
728 3857 877 3914 innumera
899 3855 999 3913 mortis
1021 3859 1166 3913 tormenta

593 3943 749 4016 Triumpho
771 3942 860 4000 nobili
882 3941 1077 4016 promeruisti,

591 4029 716 4104 Martyr‚
738 4027 859 4086 militiae
881 4025 1002 4100 signifer
1025 4041 1098 4086 esse.

529 4219 558 4280 3.
592 4217 675 4276 Vana
695 4214 831 4274 iudicasti
854 4213 959 4287 gaudia
980 4212 1080 4271 mundi

589 4303 630 4361 Et
650 4301 835 4360 transitoriae
858 4299 953 4358 dulcia
975 4299 1051 4356 vitae

591 4388 706 4446 Memor
728 4385 834 4446 Christi
856 4385 898 4443 tui
920 4389 1016 4441 mente
1037 4382 1156 4455 liquisti.

529 4581 558 4640 4.
593 4575 679 4637 Unda
701 4575 887 4648 promeritis
910 4569 1005 4644 fulges
1028 4571 1057 4627 in
1080 4569 1167 4626 caelis

592 4662 635 4724 Ut
655 4661 732 4719 inter
753 4660 850 4718 sidera
873 4659 916 4717 sol
939 4663 1025 4730 atquc
1046 4657 1123 4728 luna,

595 4749 697 4809 Certus
719 4747 775 4804 iarn
798 4744 929 4818 praemii,
952 4759 1006 4816 pro
1028 4758 1084 4815 quo
1106 4740 1232 4800 certasti.

1309 4835 1346 4889 9*
1409 4879 1415 4888 .
