3642 5550
279 612 297 662 L
315 612 358 662 De
380 608 493 661 Sanctis.
511 639 546 646 -
564 613 593 661 B.
612 613 711 676 Hymni
729 612 762 661 de
781 613 884 663 Sanctia
903 614 1016 677 Proprii.
1044 615 1083 663 De
1103 613 1224 663 omuibus
1243 613 1356 662 Sanctis.
1380 610 1439 674 155

279 790 296 844 t.
330 785 373 843 Tc
397 786 501 843 devota
523 789 617 843 mente
640 800 753 857 semper
882 789 911 846 6.
947 786 1052 845 Coetus
1074 785 1165 843 omnis
1188 801 1204 842 e
1226 785 1359 858 supernis

376 875 527 929 exorantes
549 871 699 946 psallimus
988 888 1039 929 uos
1062 877 1220 944 conservet,
1244 875 1386 949 protegat,

331 957 523 1029 imploramus
544 973 579 1014 ac
602 955 752 1029 benignam
946 956 1055 1016 Vinclis
1076 957 1177 1029 culpae
1199 957 1292 1015 solvat
1313 961 1398 1029 atque

373 1057 425 1100 nos
447 1045 525 1100 tuam
548 1041 737 1116 clementiam,
991 1042 1074 1101 aulae
1096 1043 1167 1101 caeli
1191 1042 1326 1116 claviger.

279 1214 297 1271 l.
332 1212 403 1286 Quo,
427 1216 571 1270 scrutator
594 1211 690 1270 cordis
712 1211 774 1287 alti,
884 1213 911 1272 7.
947 1212 990 1273 sit
1010 1211 1144 1285 perennis
1167 1211 1230 1270 laus
1252 1199 1366 1286 parenti

376 1313 480 1371 purges
502 1312 586 1355 omne
607 1297 736 1356 abditum
989 1298 1049 1355 eius
1071 1302 1157 1369 atque
1179 1297 1279 1355 inclito

333 1383 450 1457 Nosque
472 1389 566 1440 tecum
588 1383 618 1441 in
640 1383 770 1456 polorum
946 1382 1022 1441 Nato
1044 1398 1158 1456 semper
1180 1399 1242 1440 cum
1265 1382 1349 1441 heato

375 1485 457 1528 sacra
479 1469 549 1528 sede
571 1469 703 1528 colloces.
988 1468 1092 1541 spiritu
1113 1469 1264 1541 paraclito.

279 1644 300 1700 i.
335 1640 407 1712 Hoc,
430 1640 535 1712 Maria,
560 1640 641 1713 virgo
663 1646 770 1720 sancta,
882 1643 911 1703 8.
946 1641 1009 1699 Rex
1035 1639 1179 1716 perennis,
1203 1644 1298 1702 rector
1319 1640 1407 1712 orbis,

376 1731 408 1783 ut
430 1726 566 1804 preceris,
591 1727 736 1799 supplices
988 1730 1115 1784 nostram
1138 1741 1223 1783 serva
1244 1726 1398 1783 turmulam

332 1810 492 1869 Exoramus
514 1816 552 1885 te,
578 1811 700 1885 benigna
946 1812 1046 1883 Tuque
1069 1812 1193 1869 clemens
1215 1828 1250 1869 ac
1271 1810 1394 1884 benigue

375 1901 467 1955 mater
488 1896 597 1956 Christi
616 1897 726 1959 inclita.
990 1912 1043 1954 nos
1064 1902 1145 1955 tuere
1166 1898 1317 1970 perpetim.

337 2048 390 2097 Rit.
412 2048 929 2112 1111111111.81161111111111611.
950 2044 988 2097 10.
1024 2048 1090 2099 Clm.
1109 2049 1239 2097 Monacen
1268 2044 1363 2097 17027.
1385 2048 1444 2098 add.

279 2131 337 2168 aec.
358 2113 396 2166 10.
416 2130 455 2165 ex.
473 2116 504 2165 A.
523 2143 556 2151 -
573 2118 652 2180 Trop.
671 2134 718 2167 ms.
737 2118 933 2168 Cremifanense
952 2131 1020 2166 suec.
1040 2113 1079 2166 12.
1112 2116 1175 2166 Cod.
1195 2115 1367 2167 Cremifanen.
1386 2114 1444 2168 309.

279 2188 298 2235 3.
316 2212 351 2221 -
370 2182 395 2246 2,
416 2180 433 2233 3
451 2190 531 2235 temet
548 2185 723 2251 supplicantis
742 2187 773 2235 B.
791 2212 825 2220 -
842 2182 866 2245 5,
885 2182 902 2234 2
919 2187 956 2235 Et
971 2186 1001 2235 B.
1020 2214 1053 2221 —
1071 2182 1096 2245 5,
1114 2182 1131 2233 3
1148 2184 1296 2234 Exorantes
1314 2188 1344 2236 B.
1361 2214 1395 2221 —
1413 2187 1445 2235 In

279 2254 290 2303 3
309 2255 345 2304 ist
362 2254 409 2303 der
420 2254 564 2304 Rundreim
575 2254 618 2317 (R)
633 2255 702 2304 nach
711 2254 786 2319 jeder
798 2254 911 2319 Strophe
924 2253 1085 2304 wiederholt.
1116 2254 1209 2303 Dieser
1222 2253 1352 2304 Umstaud
1364 2256 1445 2303 sowie

279 2321 315 2372 ler
338 2323 458 2372 Verebau
480 2323 533 2372 und
557 2322 600 2372 die
621 2312 788 2374 Uberschrilt
810 2325 838 2372 in
858 2324 880 2371 B
897 2323 955 2387 („Iu
977 2323 1078 2373 letania
1102 2317 1260 2385 maiorattt‘)
1282 2322 1371 2371 lassau
1395 2322 1446 2371 den

279 2392 392 2454 dymnus
413 2390 453 2441 als
472 2392 549 2442 61111
566 2388 867 2456 Ρ111113111111ψ111111
886 2391 1027 2442 11111111.
1043 2417 1078 2425 -
1094 2390 1246 2440 Auliallend
1265 2392 1306 2452 ist,
1325 2390 1382 2439 11111
1401 2391 1449 2439 auf

279 2458 311 2509 lie
329 2460 478 2524 Doxologie
496 2460 564 2510 uoch
583 2462 641 2510 eine
660 2460 772 2525 Strophe
790 2460 863 2525 folgt

644 2696 706 2753 las.
742 2697 777 2750 ln
805 2695 913 2752 Omnes
940 2694 1081 2751 Sanctos.

705 2788 847 2837 Letania
868 2788 1011 2836 metrica.

379 2926 481 2998 Kyme,
505 2931 604 2985 sancte
626 2933 719 3000 pater,
742 2927 825 2985 nobis
847 2927 993 2998 miserere,
1017 2942 1177 3000 precamur,

400 3012 523 3086 Christe,
546 3013 608 3070 Deo
631 3017 724 3084 natus,
748 3019 778 3069 tu
801 3013 938 3070 miserere
960 3013 1035 3084 pius.

379 3097 504 3170 Spiritus
526 3097 682 3176 amborum,
707 3097 861 3156 concordia
884 3113 993 3170 parque
1015 3098 1157 3172 voluntas,

422 3185 464 3244 Te
485 3184 601 3260 nostris,
624 3184 756 3260 petimus,
778 3184 872 3241 insere
895 3183 1071 3256 pectoribus.

338 3272 355 3328 5
379 3268 516 3327 Personis
539 3268 641 3344 trinus,
665 3269 787 3341 simplex
812 3269 920 3327 deitate
942 3269 1087 3343 perennis,

444 3354 525 3431 Esto,
547 3353 636 3431 Deua,
659 3354 742 3412 nobis
765 3353 907 3427 propitius
930 3354 1052 3416 miseris.

381 3440 469 3512 Virgo
492 3439 597 3514 Maria,
620 3439 676 3497 tuis
698 3439 833 3513 precibus
855 3455 990 3498 succurro
1012 3439 1132 3498 misellis

423 3523 514 3583 Nobis
537 3531 566 3584 et
589 3525 698 3583 cunctis
721 3525 893 3583 christicolis
917 3525 1041 3598 populis.

379 3610 512 3684 Angelici
538 3627 684 3685 proceres,
707 3611 833 3670 Michael
857 3610 1031 3681 Gabrielque
1054 3611 1158 3685 iugatis

317 3697 357 3757 10
423 3697 492 3757 Cum
516 3696 647 3769 Raphael
670 3697 779 3754 meritis
802 3712 854 3754 nos
877 3696 984 3753 sociate
1005 3696 1089 3768 polis,

380 3781 508 3839 Virtutes
531 3781 685 3840 Dominum
707 3782 859 3861 laudantes
881 3780 999 3839 vocibus
1022 3783 1115 3860 almis,

423 3866 569 3925 Poscimus
592 3873 620 3924 et
642 3867 725 3925 nobis
748 3864 822 3924 ferte
844 3867 976 3925 iuvamen
999 3868 1072 3940 opis,

377 3954 562 4030 Quaesumus,
586 3968 603 4011 o
625 3953 719 4010 sancti
741 3951 934 4027 patriarchae,
958 3968 1064 4024 vosque
1086 3952 1255 4027 prophetae,

423 4036 563 4095 Natorum
587 4054 653 4096 caro
675 4038 784 4110 iungite
806 4055 858 4096 nos
880 4054 1009 4097 usmaro.

318 4125 357 4183 15
381 4122 480 4195 Tuque
501 4122 552 4202 pia
574 4139 660 4196 prece
681 4139 743 4200 nos,
765 4123 898 4197 petimus,
922 4125 1056 4196 Baptista
1079 4124 1231 4194 Iohannes,

426 4202 498 4285 [Fac
519 4224 571 4266 nos
594 4224 611 4266 a
632 4206 781 4284 gravibus]
805 4208 883 4277 ablui
906 4209 1084 4269 criminibus.

382 4293 470 4350 Petra
492 4309 556 4350 cum
579 4294 678 4364 Paulo,
702 4293 830 4369 hndrea,
853 4295 1015 4368 Iacoboque
1039 4295 1173 4372 lohauue,

427 4373 598 4456 [Auxilium]
623 4378 752 4437 tribuens
776 4396 889 4452 semper
911 4380 1018 4454 ubique
1039 4382 1128 4442 iuves.

385 4464 489 4523 Coetus
511 4464 684 4536 apostolicus
706 4460 930 4546 Dominum[que
952 4462 1086 4545 sequens]
1111 4466 1214 4524 chorus
1236 4466 1337 4537 omnis,

320 4550 362 4611 20
430 4543 573 4626 [Festina]
595 4549 712 4622 laqueos
735 4552 846 4610 solvere
869 4551 1043 4613 mortiferos.

385 4633 601 4710 [Protomartyr
623 4632 757 4715 celebris]
783 4638 937 4711 Stephane,
962 4639 1101 4712 Clemens,
1125 4636 1255 4709 Dionysi,

428 4719 575 4778 Auxilium
597 4720 679 4778 nobis
703 4719 779 4780 fe'rto
802 4723 857 4795 piis
879 4723 1001 4784 meritis.
