3642 5550
641 619 678 671 11.
704 620 746 669 De
764 618 876 671 Sanctis.
893 648 927 657 -

319 794 370 855 13.
404 790 499 852 Notus
519 796 682 850 sauctorum
705 792 844 869 coetibus

405 877 551 936 Abbatum
574 878 603 935 in
627 877 788 950 ordinibus,

404 962 613 1022 Monachorum
635 963 786 1035 militibus,

403 1048 634 1108 Anchoretarom
657 1049 798 1127 sensibus,

406 1133 554 1208 Synodum
577 1135 685 1194 sanctis
707 1134 851 1210 plebibus,

405 1222 496 1279 Immo
516 1220 562 1280 vir
583 1221 769 1297 apostolicus,

406 1306 510 1366 Clarus
532 1306 640 1365 sanctis
662 1308 692 1365 iu
715 1306 851 1381 sortibus,

404 1393 554 1458 Adauctus
577 1392 607 1450 iu
629 1392 809 1465 sublimibus.

362 1678 370 1693 .
404 1629 564 1708 0petram
587 1633 791 1693 solidissimam

405 1720 439 1778 Iu
462 1716 648 1779 fundamento
670 1719 802 1796 positam,

404 1805 428 1864 0
451 1809 678 1880 contemptorem
699 1806 823 1863 omniurn

406 1891 512 1949 Rerum
534 1907 656 1963 nequam
676 1891 881 1964 praesentium,

403 1976 427 2035 0
451 1976 552 2034 ducem
574 1983 705 2035 sanctum
725 1976 847 2035 militum

403 2060 528 2120 Domino
550 2062 743 2139 militantium,

404 2147 428 2206 0
451 2151 582 2221 tyronem
605 2145 792 2206 fortissimum

403 2231 527 2291 Domino
549 2238 640 2293 totum
663 2234 809 2294 deditum!

361 2514 369 2531 .
405 2471 524 2532 Positus
546 2474 621 2531 muri
643 2471 732 2532 ferrei

406 2559 475 2616 Vice
497 2560 526 2617 in
550 2560 614 2617 luce
636 2560 737 2634 populi

373 2651 378 2658 '
403 2644 565 2720 Dissipare,
589 2646 759 2719 disperdere

405 2730 515 2790 Cuncta
536 2732 612 2791 mala
637 2732 795 2803 destruere,

402 2816 575 2890 Aedifimre,
599 2818 748 2892 plantare

402 2903 483 2961 Bona
505 2908 567 2962 tota
588 2905 617 2962 in
641 2919 790 2962 commune

401 2989 485 3047 More
507 2990 600 3048 sancti
623 2989 763 3047 Ieremiae

403 3074 558 3133 Constituti
579 3076 609 3133 iu
632 3074 764 3136 culmine.

361 3349 368 3364 .
404 3302 473 3384 Quis
496 3307 668 3378 contempsit
690 3307 855 3378 praesentia

401 3390 494 3449 Huius
516 3391 581 3449 aevi
603 3390 748 3450 decidua?

401 3476 470 3548 Quis
492 3477 623 3536 ascendit
645 3477 683 3535 ad
706 3493 831 3550 superna

400 3561 474 3620 Toto
496 3562 591 3621 animo
613 3562 741 3636 gaudia?

337 3676 340 3681 ’
400 3646 469 3718 Quis
491 3647 607 3706 volebat
627 3648 657 3705 in
678 3649 797 3707 aethera

400 3734 494 3792 Carne
516 3733 615 3792 volare
636 3733 740 3807 posita,

400 3818 532 3891 Qualiter
553 3819 608 3877 iste
631 3819 702 3878 talia

400 3905 533 3977 Adeptus
556 3911 656 3963 sancta
677 3905 802 3967 maritat

358 4180 365 4194 .
399 4133 489 4195 Rexit
511 4140 639 4194 sanctam
662 4135 813 4193 ecclesiam

403 4221 580 4280 Catholicam
602 4238 655 4295 per
677 4221 805 4295 regulam

400 4307 538 4365 Retinens
561 4307 647 4366 fidem
670 4307 791 4366 solidam

399 4393 508 4453 Malam
532 4399 632 4452 eontra
654 4393 817 4466 nequitiam,

399 4479 485 4539 Suam
508 4495 645 4538 exercens
667 4479 792 4538 animam

400 4565 524 4624 Sanctae
555 4566 626 4639 legis
655 4580 709 4637 per
730 4564 877 4638 paginam,

400 4651 486 4710 Cuius
509 4656 613 4724 exopto
635 4652 767 4724 gratiam,

400 4736 475 4795 Mihi
494 4735 615 4796 adornet
641 4736 776 4797 animam.

945 620 987 670 De
1005 636 1026 670 ⁸·
1045 618 1184 685 cengillo.
1440 619 1503 684 323

939 794 989 856 18.
1023 790 1146 868 Sapiens
1169 809 1235 851 suos
1258 794 1386 852 internos

905 883 908 890 '
1023 880 1144 939 Sanctos
1166 879 1283 937 elevans
1304 878 1402 938 oculos

1023 965 1194 1025 Deducebat
1215 964 1253 1024 ad
1275 980 1394 1039 superos

1023 1051 1125 1124 Capite
1147 1055 1246 1110 sancto
1268 1050 1403 1122 intentos,

1023 1139 1111 1197 Parte
1133 1142 1234 1195 sancta
1255 1136 1286 1194 in
1308 1136 1429 1195 dextera

1024 1222 1175 1281 Collocans
1198 1238 1250 1280 sua
1272 1221 1395 1295 uiscera,

1022 1307 1203 1367 centurionis
1225 1322 1315 1380 opera

1020 1393 1139 1452 Habens
1161 1398 1263 1452 sancta
1284 1408 1338 1465 per
1359 1392 1466 1455 studia.

938 1634 988 1693 19.
1021 1631 1103 1692 Tulit
1124 1649 1204 1691 suam
1227 1632 1393 1691 memoriam

1021 1719 1070 1777 Ad
1092 1719 1267 1777 mansionem
1290 1734 1454 1793 supernam,

1022 1806 1124 1864 Caram
1147 1804 1209 1863 Deo
1231 1812 1261 1862 et
1281 1802 1414 1863 floridam

1021 1891 1106 1950 Suam
1130 1905 1267 1949 exercens
1288 1881 1422 1968 animam,

1021 1977 1214 2037 Contemnens
1222 1983 1329 2035 terram
1337 1975 1499 2053 subdolam,

1020 2064 1130 2121 Vanam
1153 2078 1264 2119 omnem
1286 2060 1427 2121 insaniam

1018 2148 1156 2220 Domana,
1179 2148 1242 2206 iens
1265 2164 1328 2205 cum
1348 2146 1497 2206 Abrabam

1017 2233 1067 2292 Ad
1089 2239 1196 2293 terram
1218 2234 1299 2293 illam
1321 2232 1472 2306 optimam.

936 2476 987 2535 20.
1021 2471 1122 2534 Uitam
1143 2477 1291 2531 aeternam
1313 2469 1426 2547 fulgida

1020 2559 1153 2631 Adeptus
1176 2562 1220 2616 est
1242 2556 1295 2615 sub
1313 2574 1433 2631 corona,

1020 2644 1079 2705 Ubi
1101 2650 1227 2702 assumet
1245 2644 1374 2715 praemia

1021 2732 1212 2791 Permansura
1234 2729 1265 2787 in
1287 2730 1403 2789 saecula

1020 2817 1214 2876 Comitaturus
1237 2816 1351 2889 agmina

1019 2902 1195 2977 Angelorum
1218 2902 1384 2978 praecipua,

1019 2988 1172 3061 inquirens
1194 3005 1308 3061 semper
1329 2988 1410 3064 talia,

1019 3074 1149 3147 Vigilans
1171 3073 1201 3131 in
1224 3073 1355 3134 ecclesia.

933 3307 983 3367 21.
1017 3304 1149 3364 Xristum
1170 3303 1272 3362 orabat
1293 3304 1460 3376 magistrum

1018 3391 1163 3450 Summum
1189 3406 1295 3448 ornans
1317 3388 1495 3465 obsequium,

1018 3475 1126 3538 christi
1148 3491 1250 3549 gerens
1272 3472 1401 3532 officium

1017 3563 1122 3620 Actum
1144 3577 1198 3635 per
1219 3560 1420 3634 apostolicum,

1017 3647 1111 3706 Huius
1132 3663 1254 3719 sequens
1277 3645 1437 3723 vestigium,

1016 3734 1132 3792 Ducens
1155 3732 1217 3790 Deo
1240 3731 1397 3790 exercitum

1016 3821 1050 3877 In
1073 3823 1203 3876 sanctum
1226 3817 1422 3876 habitaculum

1016 3902 1169 3962 Trinitatis
1191 3902 1389 3962 lectissimum.
1450 3971 1454 3977 g

931 4138 981 4196 22.
1015 4133 1142 4193 Ymnum
1164 4134 1227 4192 Deo
1249 4150 1313 4192 cum
1335 4134 1449 4193 cantico

1015 4218 1188 4279 Immolabat
1208 4219 1349 4278 altissimo

1015 4306 1080 4364 Diei
1102 4305 1195 4363 noctis
1221 4304 1329 4364 circulo

1015 4393 1108 4452 Orous
1137 4406 1224 4464 saepe
1250 4407 1313 4449 cum
1336 4391 1490 4465 triumpho.

1016 4478 1100 4536 Nunc
1122 4476 1251 4535 cantabit
1273 4476 1325 4535 sub
1348 4493 1467 4536 numero

1016 4564 1165 4623 Canticum
1188 4579 1292 4621 novum
1314 4563 1439 4623 Domino

1015 4651 1134 4708 Iunctus
1157 4647 1244 4707 choro
1266 4650 1397 4724 angelico

1016 4735 1131 4796 Summo
1153 4739 1269 4795 sauctus
1291 4734 1321 4793 in
1344 4735 1443 4797 iubilo.

1282 4832 1338 4887 21*
