<?xml version="1.0" encoding="UTF-8"?>
<!DOCTYPE html PUBLIC "-//W3C//DTD XHTML 1.0 Transitional//EN"
    "http://www.w3.org/TR/xhtml1/DTD/xhtml1-transitional.dtd">
<html xmlns="http://www.w3.org/1999/xhtml" xml:lang="en" lang="en">
 <head>
  <title>
</title>
<meta http-equiv="Content-Type" content="text/html;charset=utf-8" />
  <meta name='ocr-system' content='tesseract 3.04.00' />
  <meta name='ocr-capabilities' content='ocr_page ocr_carea ocr_par ocr_line ocrx_word'/>
</head>
<body>
  <div class='ocr_page' id='page_1' title='image "./thesaurihymnolo00churgoog_0164.png"; bbox 0 0 3642 5550; ppageno 0'>
   <div class='ocr_carea' id='block_1_1' title="bbox 334 609 1260 681">
    <p class='ocr_par' dir='ltr' id='par_1_1' title="bbox 334 609 1260 681">
     <span class='ocr_line' id='line_1_1' title="bbox 334 609 1260 681; baseline -0.003 -12"><span class='ocrx_word' id='word_1_1' title='bbox 334 616 398 680; x_wconf 81' lang='lat'><strong>110</strong></span> <span class='ocrx_word' id='word_1_2' title='bbox 600 616 666 665; x_wconf 85' lang='lat' dir='ltr'><strong>Pars</strong></span> <span class='ocrx_word' id='word_1_3' title='bbox 683 616 706 665; x_wconf 92' lang='grc' dir='ltr'><strong>Ι.</strong></span> <span class='ocrx_word' id='word_1_4' title='bbox 741 609 843 680; x_wconf 88' lang='lat' dir='ltr'>Hymni</span> <span class='ocrx_word' id='word_1_5' title='bbox 861 617 1041 681; x_wconf 79' lang='lat' dir='ltr'><strong>antiquissimi</strong></span> <span class='ocrx_word' id='word_1_6' title='bbox 1058 632 1126 668; x_wconf 84' lang='lat' dir='ltr'><strong>saec.</strong></span> <span class='ocrx_word' id='word_1_7' title='bbox 1144 616 1260 669; x_wconf 82' lang='lat' dir='ltr'><strong>v.-xl.</strong></span> 
     </span>
    </p>
   </div>
   <div class='ocr_carea' id='block_1_2' title="bbox 504 785 1208 1034">
    <p class='ocr_par' dir='ltr' id='par_1_2' title="bbox 504 785 1208 1034">
     <span class='ocr_line' id='line_1_2' title="bbox 504 785 1179 868; baseline 0 -22"><span class='ocrx_word' id='word_1_8' title='bbox 504 791 534 847; x_wconf 83' lang='lat'><strong>5.</strong></span> <span class='ocrx_word' id='word_1_9' title='bbox 568 785 709 847; x_wconf 75' lang='lat' dir='ltr'>Infectam</span> <span class='ocrx_word' id='word_1_10' title='bbox 731 788 874 846; x_wconf 90' lang='lat' dir='ltr'><strong>homiuem</strong></span> <span class='ocrx_word' id='word_1_11' title='bbox 898 787 999 847; x_wconf 89' lang='lat' dir='ltr'><strong>dolens</strong></span> <span class='ocrx_word' id='word_1_12' title='bbox 1021 787 1057 847; x_wconf 89' lang='lat' dir='ltr'><strong>ab</strong></span> <span class='ocrx_word' id='word_1_13' title='bbox 1080 804 1179 868; x_wconf 85' lang='lat' dir='ltr'><strong>angue,</strong></span> 
     </span>
     <span class='ocr_line' id='line_1_3' title="bbox 564 873 1180 947; baseline 0 -16"><span class='ocrx_word' id='word_1_14' title='bbox 564 874 609 931; x_wconf 86' lang='lat' dir='ltr'><strong>Ne</strong></span> <span class='ocrx_word' id='word_1_15' title='bbox 631 889 745 932; x_wconf 89' lang='lat' dir='ltr'><strong>servum</strong></span> <span class='ocrx_word' id='word_1_16' title='bbox 767 873 842 932; x_wconf 84' lang='lat' dir='ltr'><strong>mole</strong></span> <span class='ocrx_word' id='word_1_17' title='bbox 864 873 1000 947; x_wconf 85' lang='lat' dir='ltr'>perderet</span> <span class='ocrx_word' id='word_1_18' title='bbox 1022 875 1180 946; x_wconf 88' lang='lat' dir='ltr'><strong>subactum,</strong></span> 
     </span>
     <span class='ocr_line' id='line_1_4' title="bbox 566 959 1208 1034; baseline 0.002 -16"><span class='ocrx_word' id='word_1_19' title='bbox 566 959 706 1031; x_wconf 85' lang='lat' dir='ltr'><strong>Campum</strong></span> <span class='ocrx_word' id='word_1_20' title='bbox 728 960 914 1031; x_wconf 79' lang='lat' dir='ltr'><strong>congreditur</strong></span> <span class='ocrx_word' id='word_1_21' title='bbox 935 966 1037 1034; x_wconf 87' lang='lat' dir='ltr'><strong>potens</strong></span> <span class='ocrx_word' id='word_1_22' title='bbox 1060 962 1089 1017; x_wconf 91' lang='lat' dir='ltr'><strong>in</strong></span> <span class='ocrx_word' id='word_1_23' title='bbox 1111 959 1208 1021; x_wconf 84' lang='lat' dir='ltr'><strong>armis.</strong></span> 
     </span>
    </p>
   </div>
   <div class='ocr_carea' id='block_1_3' title="bbox 500 1146 1179 1391">
    <p class='ocr_par' dir='ltr' id='par_1_3' title="bbox 500 1146 1179 1391">
     <span class='ocr_line' id='line_1_5' title="bbox 500 1146 1179 1224; baseline -0.003 -17"><span class='ocrx_word' id='word_1_24' title='bbox 500 1150 529 1207; x_wconf 87' lang='lat'><strong>6.</strong></span> <span class='ocrx_word' id='word_1_25' title='bbox 565 1146 648 1204; x_wconf 87' lang='lat' dir='ltr'><strong>Senis</strong></span> <span class='ocrx_word' id='word_1_26' title='bbox 670 1154 780 1220; x_wconf 80' lang='lat' dir='ltr'><strong>pugnat</strong></span> <span class='ocrx_word' id='word_1_27' title='bbox 800 1146 885 1205; x_wconf 92' lang='lat' dir='ltr'><strong>homo</strong></span> <span class='ocrx_word' id='word_1_28' title='bbox 906 1147 1041 1219; x_wconf 85' lang='lat' dir='ltr'><strong>Deosque</strong></span> <span class='ocrx_word' id='word_1_29' title='bbox 1062 1147 1179 1224; x_wconf 81' lang='lat' dir='ltr'><strong>lustris3</strong></span> 
     </span>
     <span class='ocr_line' id='line_1_6' title="bbox 560 1232 1104 1307; baseline 0 -17"><span class='ocrx_word' id='word_1_30' title='bbox 560 1232 686 1290; x_wconf 81' lang='lat' dir='ltr'><strong>Miratur</strong></span> <span class='ocrx_word' id='word_1_31' title='bbox 708 1232 784 1307; x_wconf 88' lang='lat' dir='ltr'><strong>legio</strong></span> <span class='ocrx_word' id='word_1_32' title='bbox 807 1232 966 1305; x_wconf 87' lang='lat' dir='ltr'><strong>chorusque</strong></span> <span class='ocrx_word' id='word_1_33' title='bbox 989 1232 1104 1291; x_wconf 85' lang='lat' dir='ltr'><strong>caelebs</strong></span> 
     </span>
     <span class='ocr_line' id='line_1_7' title="bbox 563 1317 1166 1391; baseline 0 -14"><span class='ocrx_word' id='word_1_34' title='bbox 563 1317 620 1377; x_wconf 92' lang='lat' dir='ltr'><strong>Pro</strong></span> <span class='ocrx_word' id='word_1_35' title='bbox 643 1333 726 1376; x_wconf 86' lang='lat' dir='ltr'><strong>servo</strong></span> <span class='ocrx_word' id='word_1_36' title='bbox 747 1317 901 1375; x_wconf 89' lang='lat' dir='ltr'><strong>Dominum</strong></span> <span class='ocrx_word' id='word_1_37' title='bbox 924 1317 986 1389; x_wconf 86' lang='lat' dir='ltr'><strong>pati</strong></span> <span class='ocrx_word' id='word_1_38' title='bbox 1008 1322 1166 1391; x_wconf 77' lang='lat' dir='ltr'><strong>stupentes.</strong></span> 
     </span>
    </p>
   </div>
   <div class='ocr_carea' id='block_1_4' title="bbox 500 1504 1196 1749">
    <p class='ocr_par' dir='ltr' id='par_1_4' title="bbox 500 1504 1196 1749">
     <span class='ocr_line' id='line_1_8' title="bbox 500 1504 1196 1578; baseline -0.001 -14"><span class='ocrx_word' id='word_1_39' title='bbox 500 1506 527 1564; x_wconf 88' lang='grc'><strong>7.</strong></span> <span class='ocrx_word' id='word_1_40' title='bbox 561 1506 618 1562; x_wconf 82' lang='lat' dir='ltr'><strong>Ast</strong></span> <span class='ocrx_word' id='word_1_41' title='bbox 639 1504 749 1563; x_wconf 85' lang='lat' dir='ltr'><strong>hostem</strong></span> <span class='ocrx_word' id='word_1_42' title='bbox 772 1521 913 1578; x_wconf 87' lang='lat' dir='ltr'><strong>superans</strong></span> <span class='ocrx_word' id='word_1_43' title='bbox 935 1506 1084 1578; x_wconf 82' lang='lat' dir='ltr'><strong>ligansque</strong></span> <span class='ocrx_word' id='word_1_44' title='bbox 1106 1505 1196 1563; x_wconf 88' lang='lat' dir='ltr'><strong>verbo</strong></span> 
     </span>
     <span class='ocr_line' id='line_1_9' title="bbox 561 1590 1147 1664; baseline 0.005 -19"><span class='ocrx_word' id='word_1_45' title='bbox 561 1590 661 1647; x_wconf 86' lang='lat' dir='ltr'><strong>Victor</strong></span> <span class='ocrx_word' id='word_1_46' title='bbox 683 1591 760 1648; x_wconf 81' lang='lat' dir='ltr'><strong>celsa</strong></span> <span class='ocrx_word' id='word_1_47' title='bbox 783 1590 858 1648; x_wconf 90' lang='lat' dir='ltr'><strong>redit</strong></span> <span class='ocrx_word' id='word_1_48' title='bbox 881 1592 985 1649; x_wconf 91' lang='lat' dir='ltr'><strong>sedens</strong></span> <span class='ocrx_word' id='word_1_49' title='bbox 1007 1591 1037 1648; x_wconf 92' lang='lat' dir='ltr'><strong>in</strong></span> <span class='ocrx_word' id='word_1_50' title='bbox 1058 1596 1147 1664; x_wconf 85' lang='lat' dir='ltr'><strong>astra,</strong></span> 
     </span>
     <span class='ocr_line' id='line_1_10' title="bbox 560 1675 1141 1749; baseline 0.005 -16"><span class='ocrx_word' id='word_1_51' title='bbox 560 1675 670 1748; x_wconf 87' lang='lat' dir='ltr'><strong>Regum</strong></span> <span class='ocrx_word' id='word_1_52' title='bbox 693 1675 854 1733; x_wconf 88' lang='lat' dir='ltr'><strong>subsidium</strong></span> <span class='ocrx_word' id='word_1_53' title='bbox 876 1682 1011 1748; x_wconf 85' lang='lat' dir='ltr'><strong>satorque</strong></span> <span class='ocrx_word' id='word_1_54' title='bbox 1033 1690 1141 1749; x_wconf 90' lang='lat' dir='ltr'><strong>regum.</strong></span> 
     </span>
    </p>
   </div>
   <div class='ocr_carea' id='block_1_5' title="bbox 496 1862 1243 2106">
    <p class='ocr_par' dir='ltr' id='par_1_5' title="bbox 496 1862 1243 2106">
     <span class='ocr_line' id='line_1_11' title="bbox 496 1862 1205 1941; baseline 0.001 -21"><span class='ocrx_word' id='word_1_55' title='bbox 496 1862 524 1920; x_wconf 88' lang='grc'><strong>8.</strong></span> <span class='ocrx_word' id='word_1_56' title='bbox 560 1863 613 1922; x_wconf 86' lang='lat' dir='ltr'><strong>Cui</strong></span> <span class='ocrx_word' id='word_1_57' title='bbox 635 1879 749 1936; x_wconf 89' lang='lat' dir='ltr'><strong>semper</strong></span> <span class='ocrx_word' id='word_1_58' title='bbox 772 1865 859 1922; x_wconf 88' lang='lat' dir='ltr'><strong>decus</strong></span> <span class='ocrx_word' id='word_1_59' title='bbox 881 1869 910 1921; x_wconf 92' lang='lat' dir='ltr'><strong>et</strong></span> <span class='ocrx_word' id='word_1_60' title='bbox 933 1864 1024 1921; x_wconf 91' lang='lat' dir='ltr'><strong>honor</strong></span> <span class='ocrx_word' id='word_1_61' title='bbox 1045 1863 1083 1921; x_wconf 90' lang='lat' dir='ltr'><strong>sit</strong></span> <span class='ocrx_word' id='word_1_62' title='bbox 1106 1863 1205 1941; x_wconf 90' lang='lat' dir='ltr'><strong>omnis,</strong></span> 
     </span>
     <span class='ocr_line' id='line_1_12' title="bbox 561 1947 1121 2026; baseline 0.004 -21"><span class='ocrx_word' id='word_1_63' title='bbox 561 1947 668 2022; x_wconf 83' lang='lat' dir='ltr'><strong>Virtus,</strong></span> <span class='ocrx_word' id='word_1_64' title='bbox 691 1949 854 2023; x_wconf 87' lang='lat' dir='ltr'><strong>imperium,</strong></span> <span class='ocrx_word' id='word_1_65' title='bbox 878 1949 955 2006; x_wconf 87' lang='lat' dir='ltr'><strong>salus</strong></span> <span class='ocrx_word' id='word_1_66' title='bbox 978 1949 1121 2026; x_wconf 87' lang='lat' dir='ltr'><strong>perennis,</strong></span> 
     </span>
     <span class='ocr_line' id='line_1_13' title="bbox 561 2033 1243 2106; baseline 0 -15"><span class='ocrx_word' id='word_1_67' title='bbox 561 2033 605 2091; x_wconf 87' lang='lat' dir='ltr'><strong>Sit</strong></span> <span class='ocrx_word' id='word_1_68' title='bbox 627 2050 731 2106; x_wconf 90' lang='lat' dir='ltr'><strong>perpes</strong></span> <span class='ocrx_word' id='word_1_69' title='bbox 754 2034 873 2091; x_wconf 92' lang='lat' dir='ltr'><strong>iubilum</strong></span> <span class='ocrx_word' id='word_1_70' title='bbox 896 2050 1013 2091; x_wconf 87' lang='lat' dir='ltr'><strong>maneus</strong></span> <span class='ocrx_word' id='word_1_71' title='bbox 1036 2050 1090 2106; x_wconf 88' lang='lat' dir='ltr'><strong>per</strong></span> <span class='ocrx_word' id='word_1_72' title='bbox 1111 2038 1243 2093; x_wconf 85' lang='lat' dir='ltr'><strong>aevum&#39;</strong></span> 
     </span>
    </p>
   </div>
   <div class='ocr_carea' id='block_1_6' title="bbox 394 2207 1489 2303">
    <p class='ocr_par' dir='ltr' id='par_1_6' title="bbox 394 2207 1489 2303">
     <span class='ocr_line' id='line_1_14' title="bbox 394 2207 1489 2303; baseline -0.003 -19"><span class='ocrx_word' id='word_1_73' title='bbox 394 2235 504 2300; x_wconf 85' lang='lat' dir='ltr'><strong>Sylloga</strong></span> <span class='ocrx_word' id='word_1_74' title='bbox 524 2253 572 2287; x_wconf 91' lang='lat' dir='ltr'><strong>ms.</strong></span> <span class='ocrx_word' id='word_1_75' title='bbox 590 2238 706 2303; x_wconf 81' lang='lat' dir='ltr'><strong>Eugenii</strong></span> <span class='ocrx_word' id='word_1_76' title='bbox 725 2237 846 2302; x_wconf 84' lang='lat' dir='ltr'><strong>Vulgarii</strong></span> <span class='ocrx_word' id='word_1_77' title='bbox 864 2234 1008 2299; x_wconf 80' lang='lat' dir='ltr'><strong>(Oasiuen.)</strong></span> <span class='ocrx_word' id='word_1_78' title='bbox 1025 2252 1093 2287; x_wconf 81' lang='lat' dir='ltr'><strong>saec</strong></span> <span class='ocrx_word' id='word_1_79' title='bbox 1114 2233 1153 2286; x_wconf 87' lang='lat'><strong>10.</strong></span> <span class='ocrx_word' id='word_1_80' title='bbox 1172 2253 1213 2286; x_wconf 86' lang='lat' dir='ltr'><strong>ex.</strong></span> <span class='ocrx_word' id='word_1_81' title='bbox 1248 2236 1312 2287; x_wconf 79' lang='lat' dir='ltr'><strong>cod.</strong></span> <span class='ocrx_word' id='word_1_82' title='bbox 1325 2207 1489 2301; x_wconf 17' lang='lat' dir='ltr'><strong>&#39;Bambergen</strong></span> 
     </span>
    </p>
   </div>
   <div class='ocr_carea' id='block_1_7' title="bbox 318 2298 1490 2696">
    <p class='ocr_par' dir='ltr' id='par_1_7' title="bbox 324 2298 1490 2438">
     <span class='ocr_line' id='line_1_15' title="bbox 324 2298 1490 2370; baseline 0.001 -18"><span class='ocrx_word' id='word_1_83' title='bbox 324 2303 405 2353; x_wconf 90' lang='lat' dir='ltr'><strong>PIII</strong></span> <span class='ocrx_word' id='word_1_84' title='bbox 428 2300 469 2354; x_wconf 85' lang='lat'><strong>20.</strong></span> <span class='ocrx_word' id='word_1_85' title='bbox 494 2331 527 2339; x_wconf 90' lang='lat'><em>-</em></span> <span class='ocrx_word' id='word_1_86' title='bbox 554 2306 581 2366; x_wconf 90' lang='lat' dir='ltr'><strong>l,</strong></span> <span class='ocrx_word' id='word_1_87' title='bbox 608 2304 694 2368; x_wconf 76' lang='lat' dir='ltr'><strong>2Qui</strong></span> <span class='ocrx_word' id='word_1_88' title='bbox 712 2321 809 2355; x_wconf 88' lang='lat' dir='ltr'><strong>coram.</strong></span> <span class='ocrx_word' id='word_1_89' title='bbox 827 2331 861 2339; x_wconf 89' lang='lat'><em>-</em></span> <span class='ocrx_word' id='word_1_90' title='bbox 878 2302 908 2366; x_wconf 84' lang='lat'><strong>8,</strong></span> <span class='ocrx_word' id='word_1_91' title='bbox 935 2304 948 2355; x_wconf 94' lang='lat'>1</span> <span class='ocrx_word' id='word_1_92' title='bbox 970 2306 1006 2354; x_wconf 89' lang='lat' dir='ltr'><strong>sit</strong></span> <span class='ocrx_word' id='word_1_93' title='bbox 1024 2321 1070 2370; x_wconf 84' lang='lat' dir='ltr'><strong>per</strong></span> <span class='ocrx_word' id='word_1_94' title='bbox 1087 2307 1181 2355; x_wconf 89' lang='lat' dir='ltr'><strong>omnis.</strong></span> <span class='ocrx_word' id='word_1_95' title='bbox 1200 2329 1233 2338; x_wconf 93' lang='lat'>-</span> <span class='ocrx_word' id='word_1_96' title='bbox 1251 2305 1312 2369; x_wconf 85' lang='lat' dir='ltr'><strong>Vgl.</strong></span> <span class='ocrx_word' id='word_1_97' title='bbox 1337 2298 1490 2368; x_wconf 70' lang='lat' dir='ltr'><strong>Winterfeld,</strong></span> 
     </span>
     <span class='ocr_line' id='line_1_16' title="bbox 324 2368 1490 2438; baseline 0.002 -18"><span class='ocrx_word' id='word_1_98' title='bbox 324 2370 390 2421; x_wconf 86' lang='lat' dir='ltr'><strong>Paul</strong></span> <span class='ocrx_word' id='word_1_99' title='bbox 409 2387 446 2432; x_wconf 85' lang='lat' dir='ltr'><strong>v.,</strong></span> <span class='ocrx_word' id='word_1_100' title='bbox 466 2375 536 2423; x_wconf 90' lang='lat' dir='ltr'><strong>Poet.</strong></span> <span class='ocrx_word' id='word_1_101' title='bbox 556 2375 601 2424; x_wconf 85' lang='lat' dir='ltr'><strong>lat.</strong></span> <span class='ocrx_word' id='word_1_102' title='bbox 621 2375 687 2424; x_wconf 86' lang='lat' dir='ltr'><strong>med.</strong></span> <span class='ocrx_word' id='word_1_103' title='bbox 705 2376 766 2424; x_wconf 87' lang='lat' dir='ltr'><strong>aevi</strong></span> <span class='ocrx_word' id='word_1_104' title='bbox 785 2380 846 2424; x_wconf 89' lang='lat' dir='ltr'><strong>tom.</strong></span> <span class='ocrx_word' id='word_1_105' title='bbox 864 2375 893 2433; x_wconf 90' lang='lat' dir='ltr'><strong>l,</strong></span> <span class='ocrx_word' id='word_1_106' title='bbox 914 2388 974 2438; x_wconf 83' lang='lat' dir='ltr'><strong>pars</strong></span> <span class='ocrx_word' id='word_1_107' title='bbox 991 2374 1014 2433; x_wconf 88' lang='lat'><strong>1,</strong></span> <span class='ocrx_word' id='word_1_108' title='bbox 1032 2388 1091 2438; x_wconf 83' lang='lat' dir='ltr'><strong>pag.</strong></span> <span class='ocrx_word' id='word_1_109' title='bbox 1109 2370 1173 2435; x_wconf 82' lang='lat'><strong>433;</strong></span> <span class='ocrx_word' id='word_1_110' title='bbox 1192 2372 1319 2423; x_wconf 86' lang='lat' dir='ltr'><strong>ebendort</strong></span> <span class='ocrx_word' id='word_1_111' title='bbox 1335 2369 1370 2437; x_wconf 83' lang='lat' dir='ltr'><strong>(p.</strong></span> <span class='ocrx_word' id='word_1_112' title='bbox 1388 2368 1437 2423; x_wconf 82' lang='lat'><strong>406</strong></span> <span class='ocrx_word' id='word_1_113' title='bbox 1451 2368 1490 2436; x_wconf 86' lang='lat' dir='ltr'><strong>sq.)</strong></span> 
     </span>
    </p>

    <p class='ocr_par' dir='ltr' id='par_1_8' title="bbox 318 2438 1488 2576">
     <span class='ocr_line' id='line_1_17' title="bbox 318 2438 1488 2507; baseline 0 -20"><span class='ocrx_word' id='word_1_114' title='bbox 318 2438 367 2489; x_wconf 87' lang='lat' dir='ltr'><strong>die</strong></span> <span class='ocrx_word' id='word_1_115' title='bbox 385 2441 500 2505; x_wconf 78' lang='lat' dir='ltr'><strong>spitrlich</strong></span> <span class='ocrx_word' id='word_1_116' title='bbox 512 2443 665 2492; x_wconf 87' lang='lat' dir='ltr'><strong>fliesseuden</strong></span> <span class='ocrx_word' id='word_1_117' title='bbox 678 2444 791 2492; x_wconf 82' lang='lat' dir='ltr'><strong>Notinen</strong></span> <span class='ocrx_word' id='word_1_118' title='bbox 804 2443 869 2491; x_wconf 88' lang='lat' dir='ltr'><strong>iiber</strong></span> <span class='ocrx_word' id='word_1_119' title='bbox 880 2442 932 2492; x_wconf 87' lang='lat' dir='ltr'><strong>den</strong></span> <span class='ocrx_word' id='word_1_120' title='bbox 943 2444 1030 2507; x_wconf 85' lang='lat' dir='ltr'><strong>wenig</strong></span> <span class='ocrx_word' id='word_1_121' title='bbox 1042 2442 1194 2492; x_wconf 86' lang='lat' dir='ltr'><strong>bekannten</strong></span> <span class='ocrx_word' id='word_1_122' title='bbox 1206 2440 1316 2491; x_wconf 78' lang='lat' dir='ltr'><strong>Dichter</strong></span> <span class='ocrx_word' id='word_1_123' title='bbox 1327 2440 1374 2490; x_wconf 83' lang='lat' dir='ltr'><strong>Eu</strong></span> <span class='ocrx_word' id='word_1_124' title='bbox 1382 2442 1488 2503; x_wconf 76' lang='lat' dir='ltr'><strong>genius</strong></span> 
     </span>
     <span class='ocr_line' id='line_1_18' title="bbox 323 2507 1488 2576; baseline 0.006 -19"><span class='ocrx_word' id='word_1_125' title='bbox 323 2507 507 2573; x_wconf 84' lang='lat' dir='ltr'><strong>Vulgarius</strong></span> <span class='ocrx_word' id='word_1_126' title='bbox 531 2512 738 2576; x_wconf 84' lang='lat' dir='ltr'><strong>grammaticus,</strong></span> <span class='ocrx_word' id='word_1_127' title='bbox 764 2511 809 2561; x_wconf 90' lang='lat' dir='ltr'><strong>der</strong></span> <span class='ocrx_word' id='word_1_128' title='bbox 833 2510 958 2560; x_wconf 79' lang='lat' dir='ltr'><strong>withrend</strong></span> <span class='ocrx_word' id='word_1_129' title='bbox 981 2510 1027 2559; x_wconf 89' lang='lat' dir='ltr'><strong>des</strong></span> <span class='ocrx_word' id='word_1_130' title='bbox 1047 2507 1086 2560; x_wconf 91' lang='grc'><strong>10.</strong></span> <span class='ocrx_word' id='word_1_131' title='bbox 1103 2510 1197 2560; x_wconf 87' lang='lat' dir='ltr'><strong>Jahrh.</strong></span> <span class='ocrx_word' id='word_1_132' title='bbox 1215 2512 1244 2559; x_wconf 92' lang='lat' dir='ltr'><strong>in</strong></span> <span class='ocrx_word' id='word_1_133' title='bbox 1262 2510 1309 2563; x_wconf 83' lang='lat' dir='ltr'><strong>der</strong></span> <span class='ocrx_word' id='word_1_134' title='bbox 1326 2509 1431 2574; x_wconf 83' lang='lat' dir='ltr'><strong>Gegend</strong></span> <span class='ocrx_word' id='word_1_135' title='bbox 1446 2522 1488 2556; x_wconf 79' lang='lat' dir='ltr'>v⁰11</span> 
     </span>
    </p>

    <p class='ocr_par' dir='ltr' id='par_1_9' title="bbox 319 2575 1488 2696">
     <span class='ocr_line' id='line_1_19' title="bbox 319 2575 1488 2695; baseline 0.003 -71"><span class='ocrx_word' id='word_1_136' title='bbox 319 2575 496 2695; x_wconf 42' lang='lat' dir='ltr'><strong>{affluam</strong></span> <span class='ocrx_word' id='word_1_137' title='bbox 514 2579 655 2645; x_wconf 84' lang='lat' dir='ltr'><strong>zeitweiiig</strong></span> <span class='ocrx_word' id='word_1_138' title='bbox 675 2580 742 2628; x_wconf 90' lang='lat' dir='ltr'><strong>auch</strong></span> <span class='ocrx_word' id='word_1_139' title='bbox 761 2582 789 2628; x_wconf 92' lang='lat' dir='ltr'><strong>iu</strong></span> <span class='ocrx_word' id='word_1_140' title='bbox 802 2581 892 2629; x_wconf 88' lang='lat' dir='ltr'><strong>Monte</strong></span> <span class='ocrx_word' id='word_1_141' title='bbox 905 2580 1017 2628; x_wconf 84' lang='lat' dir='ltr'><strong>Cassino</strong></span> <span class='ocrx_word' id='word_1_142' title='bbox 1035 2579 1113 2638; x_wconf 86' lang='lat' dir='ltr'><strong>lcbte,</strong></span> <span class='ocrx_word' id='word_1_143' title='bbox 1131 2578 1185 2628; x_wconf 88' lang='lat' dir='ltr'><strong>und</strong></span> <span class='ocrx_word' id='word_1_144' title='bbox 1197 2577 1295 2628; x_wconf 73' lang='lat' dir='ltr'><strong>nihere</strong></span> <span class='ocrx_word' id='word_1_145' title='bbox 1306 2577 1488 2640; x_wconf 80' lang='lat' dir='ltr'><strong>Beschrcibung</strong></span> 
     </span>
     <span class='ocr_line' id='line_1_20' title="bbox 340 2659 483 2696; baseline 0.014 -4"><span class='ocrx_word' id='word_1_146' title='bbox 340 2659 368 2692; x_wconf 87' lang='lat' dir='ltr'><strong>es</strong></span> <span class='ocrx_word' id='word_1_147' title='bbox 409 2661 424 2695; x_wconf 94' lang='grc' dir='ltr'>ο</span> <span class='ocrx_word' id='word_1_148' title='bbox 443 2662 483 2696; x_wconf 85' lang='lat' dir='ltr'><strong>ex.</strong></span> 
     </span>
    </p>
   </div>
   <div class='ocr_carea' id='block_1_8' title="bbox 651 2917 1175 2973">
    <p class='ocr_par' dir='ltr' id='par_1_10' title="bbox 651 2917 1175 2973">
     <span class='ocr_line' id='line_1_21' title="bbox 651 2917 1175 2973; baseline 0 -2"><span class='ocrx_word' id='word_1_149' title='bbox 651 2917 712 2973; x_wconf 74' lang='lat'><strong>102.</strong></span> <span class='ocrx_word' id='word_1_150' title='bbox 740 2918 775 2972; x_wconf 91' lang='lat' dir='ltr'><strong>In</strong></span> <span class='ocrx_word' id='word_1_151' title='bbox 793 2917 993 2973; x_wconf 81' lang='lat' dir='ltr'><strong>Dedlcntione</strong></span> <span class='ocrx_word' id='word_1_152' title='bbox 1011 2917 1175 2972; x_wconf 84' lang='lat' dir='ltr'><strong>Ecclesiae.</strong></span> 
     </span>
    </p>
   </div>
   <div class='ocr_carea' id='block_1_9' title="bbox 365 3109 1202 3354">
    <p class='ocr_par' dir='ltr' id='par_1_11' title="bbox 365 3109 1202 3354">
     <span class='ocr_line' id='line_1_22' title="bbox 365 3109 1139 3188; baseline -0.001 -20"><span class='ocrx_word' id='word_1_153' title='bbox 365 3110 393 3172; x_wconf 91' lang='lat'><strong>1.</strong></span> <span class='ocrx_word' id='word_1_154' title='bbox 427 3109 505 3169; x_wconf 92' lang='lat' dir='ltr'><strong>Urbs</strong></span> <span class='ocrx_word' id='word_1_155' title='bbox 529 3110 613 3168; x_wconf 88' lang='lat' dir='ltr'><strong>beata</strong></span> <span class='ocrx_word' id='word_1_156' title='bbox 635 3111 829 3181; x_wconf 81' lang='lat' dir='ltr'><strong>Hierusalem,</strong></span> <span class='ocrx_word' id='word_1_157' title='bbox 855 3111 934 3168; x_wconf 87' lang='lat' dir='ltr'><strong>dicta</strong></span> <span class='ocrx_word' id='word_1_158' title='bbox 955 3109 1035 3182; x_wconf 86' lang='lat' dir='ltr'><strong>pacis</strong></span> <span class='ocrx_word' id='word_1_159' title='bbox 1057 3109 1139 3188; x_wconf 86' lang='lat' dir='ltr'><strong>visio,</strong></span> 
     </span>
     <span class='ocr_line' id='line_1_23' title="bbox 427 3192 1202 3270; baseline 0 -18"><span class='ocrx_word' id='word_1_160' title='bbox 427 3196 505 3266; x_wconf 79' lang='lat' dir='ltr'><strong>Quae</strong></span> <span class='ocrx_word' id='word_1_161' title='bbox 529 3197 703 3254; x_wconf 88' lang='lat' dir='ltr'><strong>construitur</strong></span> <span class='ocrx_word' id='word_1_162' title='bbox 729 3197 758 3253; x_wconf 93' lang='lat' dir='ltr'><strong>in</strong></span> <span class='ocrx_word' id='word_1_163' title='bbox 782 3195 870 3254; x_wconf 86' lang='lat' dir='ltr'><strong>caelis</strong></span> <span class='ocrx_word' id='word_1_164' title='bbox 893 3195 966 3253; x_wconf 88' lang='lat' dir='ltr'><strong>vivis</strong></span> <span class='ocrx_word' id='word_1_165' title='bbox 989 3211 1025 3252; x_wconf 86' lang='lat' dir='ltr'><strong>ex</strong></span> <span class='ocrx_word' id='word_1_166' title='bbox 1047 3192 1202 3270; x_wconf 84' lang='lat' dir='ltr'><strong>lapidibus,</strong></span> 
     </span>
     <span class='ocr_line' id='line_1_24' title="bbox 426 3279 1113 3354; baseline -0.003 -16"><span class='ocrx_word' id='word_1_167' title='bbox 426 3280 466 3338; x_wconf 88' lang='lat' dir='ltr'><strong>Et</strong></span> <span class='ocrx_word' id='word_1_168' title='bbox 488 3283 596 3354; x_wconf 87' lang='lat' dir='ltr'><strong>angelis</strong></span> <span class='ocrx_word' id='word_1_169' title='bbox 619 3290 758 3339; x_wconf 87' lang='lat' dir='ltr'><strong>coornata</strong></span> <span class='ocrx_word' id='word_1_170' title='bbox 781 3288 814 3339; x_wconf 91' lang='lat' dir='ltr'><strong>nt</strong></span> <span class='ocrx_word' id='word_1_171' title='bbox 835 3286 972 3353; x_wconf 78' lang='lat' dir='ltr'><strong>sponsata</strong></span> <span class='ocrx_word' id='word_1_172' title='bbox 995 3279 1113 3337; x_wconf 89' lang='lat' dir='ltr'><strong>comite!</strong></span> 
     </span>
    </p>
   </div>
   <div class='ocr_carea' id='block_1_10' title="bbox 358 3466 1261 3710">
    <p class='ocr_par' dir='ltr' id='par_1_12' title="bbox 358 3466 1261 3710">
     <span class='ocr_line' id='line_1_25' title="bbox 358 3466 1098 3539; baseline -0.004 -13"><span class='ocrx_word' id='word_1_173' title='bbox 358 3469 392 3529; x_wconf 80' lang='lat'><strong>2.</strong></span> <span class='ocrx_word' id='word_1_174' title='bbox 426 3467 509 3525; x_wconf 87' lang='lat' dir='ltr'><strong>Nova</strong></span> <span class='ocrx_word' id='word_1_175' title='bbox 531 3469 647 3526; x_wconf 89' lang='lat' dir='ltr'><strong>veniens</strong></span> <span class='ocrx_word' id='word_1_176' title='bbox 671 3485 686 3526; x_wconf 89' lang='lat' dir='ltr'><strong>e</strong></span> <span class='ocrx_word' id='word_1_177' title='bbox 709 3469 800 3539; x_wconf 85' lang='lat' dir='ltr'><strong>caelo,</strong></span> <span class='ocrx_word' id='word_1_178' title='bbox 825 3467 950 3539; x_wconf 84' lang='lat' dir='ltr'><strong>nuptiali</strong></span> <span class='ocrx_word' id='word_1_179' title='bbox 971 3466 1098 3525; x_wconf 85' lang='lat' dir='ltr'><strong>thalamo</strong></span> 
     </span>
     <span class='ocr_line' id='line_1_26' title="bbox 427 3551 1261 3629; baseline -0.002 -18"><span class='ocrx_word' id='word_1_180' title='bbox 427 3554 604 3626; x_wconf 78' lang='lat' dir='ltr'><strong>Praeparata</strong></span> <span class='ocrx_word' id='word_1_181' title='bbox 625 3559 657 3610; x_wconf 90' lang='lat' dir='ltr'><strong>ut</strong></span> <span class='ocrx_word' id='word_1_182' title='bbox 679 3559 827 3629; x_wconf 86' lang='lat' dir='ltr'><strong>sponsata,</strong></span> <span class='ocrx_word' id='word_1_183' title='bbox 852 3552 1004 3625; x_wconf 91' lang='lat' dir='ltr'><strong>copulatur</strong></span> <span class='ocrx_word' id='word_1_184' title='bbox 1025 3551 1158 3612; x_wconf 75' lang='lat' dir='ltr'><strong>Domino,</strong></span> <span class='ocrx_word' id='word_1_185' title='bbox 1259 3591 1261 3596; x_wconf 68' lang='lat'><strong>,</strong></span> 
     </span>
     <span class='ocr_line' id='line_1_27' title="bbox 425 3636 1216 3710; baseline -0.004 -15"><span class='ocrx_word' id='word_1_186' title='bbox 425 3638 543 3696; x_wconf 86' lang='lat' dir='ltr'><strong>Plateae</strong></span> <span class='ocrx_word' id='word_1_187' title='bbox 565 3646 594 3696; x_wconf 86' lang='lat' dir='ltr'><strong>et</strong></span> <span class='ocrx_word' id='word_1_188' title='bbox 616 3639 691 3696; x_wconf 92' lang='lat' dir='ltr'><strong>muri</strong></span> <span class='ocrx_word' id='word_1_189' title='bbox 715 3639 777 3696; x_wconf 89' lang='lat' dir='ltr'><strong>eius</strong></span> <span class='ocrx_word' id='word_1_190' title='bbox 802 3655 837 3696; x_wconf 88' lang='lat' dir='ltr'><strong>ex</strong></span> <span class='ocrx_word' id='word_1_191' title='bbox 859 3654 931 3695; x_wconf 87' lang='lat' dir='ltr'><strong>auro</strong></span> <span class='ocrx_word' id='word_1_192' title='bbox 952 3636 1123 3710; x_wconf 80' lang='lat' dir='ltr'><strong>purissim03</strong></span> <span class='ocrx_word' id='word_1_193' title='bbox 1214 3664 1216 3669; x_wconf 95' lang='lat'>·</span> 
     </span>
    </p>
   </div>
   <div class='ocr_carea' id='block_1_11' title="bbox 357 3817 1372 4068">
    <p class='ocr_par' dir='ltr' id='par_1_13' title="bbox 357 3817 1372 4068">
     <span class='ocr_line' id='line_1_28' title="bbox 357 3817 1149 3898; baseline -0.003 -15"><span class='ocrx_word' id='word_1_194' title='bbox 357 3825 392 3883; x_wconf 80' lang='lat'><strong>3.</strong></span> <span class='ocrx_word' id='word_1_195' title='bbox 427 3826 533 3883; x_wconf 91' lang='lat' dir='ltr'><strong>Portae</strong></span> <span class='ocrx_word' id='word_1_196' title='bbox 555 3825 647 3883; x_wconf 86' lang='lat' dir='ltr'><strong>nitent</strong></span> <span class='ocrx_word' id='word_1_197' title='bbox 668 3817 843 3898; x_wconf 82' lang='lat' dir='ltr'><strong>margaritis,</strong></span> <span class='ocrx_word' id='word_1_198' title='bbox 866 3824 963 3898; x_wconf 86' lang='lat' dir='ltr'><strong>adytis</strong></span> <span class='ocrx_word' id='word_1_199' title='bbox 985 3824 1149 3896; x_wconf 89' lang='lat' dir='ltr'><strong>patentibus</strong></span> 
     </span>
     <span class='ocr_line' id='line_1_29' title="bbox 425 3910 1088 3968; baseline -0.003 0"><span class='ocrx_word' id='word_1_200' title='bbox 425 3910 463 3968; x_wconf 85' lang='lat' dir='ltr'><strong>Et</strong></span> <span class='ocrx_word' id='word_1_201' title='bbox 486 3911 593 3967; x_wconf 87' lang='lat' dir='ltr'><strong>virtute</strong></span> <span class='ocrx_word' id='word_1_202' title='bbox 616 3912 780 3968; x_wconf 88' lang='lat' dir='ltr'><strong>meritorum</strong></span> <span class='ocrx_word' id='word_1_203' title='bbox 806 3910 874 3967; x_wconf 91' lang='lat' dir='ltr'><strong>illuc</strong></span> <span class='ocrx_word' id='word_1_204' title='bbox 894 3910 1088 3967; x_wconf 88' lang='lat' dir='ltr'><strong>introducitur</strong></span> 
     </span>
     <span class='ocr_line' id='line_1_30' title="bbox 426 3994 1372 4068; baseline 0.003 -16"><span class='ocrx_word' id='word_1_205' title='bbox 426 3995 535 4068; x_wconf 91' lang='lat' dir='ltr'><strong>Omnis,</strong></span> <span class='ocrx_word' id='word_1_206' title='bbox 558 3996 606 4068; x_wconf 91' lang='lat' dir='ltr'><strong>qui</strong></span> <span class='ocrx_word' id='word_1_207' title='bbox 629 4012 682 4068; x_wconf 92' lang='lat' dir='ltr'><strong>pro</strong></span> <span class='ocrx_word' id='word_1_208' title='bbox 705 3994 814 4055; x_wconf 86' lang='lat' dir='ltr'><strong>Christi</strong></span> <span class='ocrx_word' id='word_1_209' title='bbox 837 3995 953 4053; x_wconf 91' lang='lat' dir='ltr'><strong>nomine</strong></span> <span class='ocrx_word' id='word_1_210' title='bbox 974 3994 1022 4052; x_wconf 91' lang='lat' dir='ltr'><strong>hic</strong></span> <span class='ocrx_word' id='word_1_211' title='bbox 1043 3995 1073 4051; x_wconf 91' lang='lat' dir='ltr'><strong>in</strong></span> <span class='ocrx_word' id='word_1_212' title='bbox 1095 3994 1201 4053; x_wconf 89' lang='lat' dir='ltr'><strong>mundo</strong></span> <span class='ocrx_word' id='word_1_213' title='bbox 1222 3996 1372 4068; x_wconf 90' lang='lat' dir='ltr'><strong>promitur.</strong></span> 
     </span>
    </p>
   </div>
   <div class='ocr_carea' id='block_1_12' title="bbox 354 4182 1137 4426">
    <p class='ocr_par' dir='ltr' id='par_1_14' title="bbox 354 4182 1137 4426">
     <span class='ocr_line' id='line_1_31' title="bbox 354 4182 1070 4258; baseline -0.003 -18"><span class='ocrx_word' id='word_1_214' title='bbox 354 4183 390 4244; x_wconf 81' lang='lat'><strong>4.</strong></span> <span class='ocrx_word' id='word_1_215' title='bbox 425 4183 626 4258; x_wconf 90' lang='lat' dir='ltr'><strong>Tunsionihus,</strong></span> <span class='ocrx_word' id='word_1_216' title='bbox 650 4183 793 4255; x_wconf 89' lang='lat' dir='ltr'><strong>pressuris</strong></span> <span class='ocrx_word' id='word_1_217' title='bbox 816 4183 935 4256; x_wconf 84' lang='lat' dir='ltr'><strong>expoliti</strong></span> <span class='ocrx_word' id='word_1_218' title='bbox 957 4182 1070 4255; x_wconf 87' lang='lat' dir='ltr'><strong>lapides</strong></span> 
     </span>
     <span class='ocr_line' id='line_1_32' title="bbox 425 4267 1137 4342; baseline -0.003 -15"><span class='ocrx_word' id='word_1_219' title='bbox 425 4269 489 4327; x_wconf 86' lang='lat' dir='ltr'><strong>Suis</strong></span> <span class='ocrx_word' id='word_1_220' title='bbox 512 4275 682 4342; x_wconf 84' lang='lat' dir='ltr'><strong>coaptantur</strong></span> <span class='ocrx_word' id='word_1_221' title='bbox 704 4269 775 4326; x_wconf 90' lang='lat' dir='ltr'><strong>locis</strong></span> <span class='ocrx_word' id='word_1_222' title='bbox 798 4285 850 4340; x_wconf 92' lang='lat' dir='ltr'><strong>per</strong></span> <span class='ocrx_word' id='word_1_223' title='bbox 872 4284 986 4325; x_wconf 87' lang='lat' dir='ltr'><strong>monum</strong></span> <span class='ocrx_word' id='word_1_224' title='bbox 1008 4267 1137 4341; x_wconf 84' lang='lat' dir='ltr'><strong>artificis,</strong></span> 
     </span>
     <span class='ocr_line' id='line_1_33' title="bbox 423 4352 1113 4426; baseline 0.007 -16"><span class='ocrx_word' id='word_1_225' title='bbox 423 4353 623 4426; x_wconf 88' lang='lat' dir='ltr'><strong>Disponuntnr</strong></span> <span class='ocrx_word' id='word_1_226' title='bbox 648 4353 828 4426; x_wconf 83' lang='lat' dir='ltr'><strong>permansuri</strong></span> <span class='ocrx_word' id='word_1_227' title='bbox 850 4353 941 4413; x_wconf 88' lang='lat' dir='ltr'><strong>sacris</strong></span> <span class='ocrx_word' id='word_1_228' title='bbox 965 4352 1113 4415; x_wconf 84' lang='lat' dir='ltr'><strong>aedificiis</strong></span> 
     </span>
    </p>
   </div>
   <div class='ocr_carea' id='block_1_13' title="bbox 352 4540 1340 4786">
    <p class='ocr_par' dir='ltr' id='par_1_15' title="bbox 352 4540 1340 4786">
     <span class='ocr_line' id='line_1_34' title="bbox 352 4540 1270 4619; baseline -0.002 -19"><span class='ocrx_word' id='word_1_229' title='bbox 352 4543 389 4600; x_wconf 71' lang='grc' dir='ltr'><strong>Σ).</strong></span> <span class='ocrx_word' id='word_1_230' title='bbox 423 4541 579 4614; x_wconf 85' lang='lat' dir='ltr'><strong>Angularis</strong></span> <span class='ocrx_word' id='word_1_231' title='bbox 603 4540 819 4600; x_wconf 85' lang='lat' dir='ltr'><strong>fundamentum</strong></span> <span class='ocrx_word' id='word_1_232' title='bbox 842 4542 917 4615; x_wconf 85' lang='lat' dir='ltr'><strong>lapis</strong></span> <span class='ocrx_word' id='word_1_233' title='bbox 940 4541 1071 4600; x_wconf 84' lang='lat' dir='ltr'><strong>Christus</strong></span> <span class='ocrx_word' id='word_1_234' title='bbox 1093 4540 1196 4598; x_wconf 86' lang='lat' dir='ltr'><strong>missus</strong></span> <span class='ocrx_word' id='word_1_235' title='bbox 1217 4546 1270 4619; x_wconf 86' lang='lat' dir='ltr'><strong>est,</strong></span> 
     </span>
     <span class='ocr_line' id='line_1_35' title="bbox 423 4626 1126 4700; baseline -0.001 -17"><span class='ocrx_word' id='word_1_236' title='bbox 423 4626 476 4696; x_wconf 83' lang='lat' dir='ltr'><strong>Qui</strong></span> <span class='ocrx_word' id='word_1_237' title='bbox 499 4642 634 4700; x_wconf 85' lang='lat' dir='ltr'><strong>compage</strong></span> <span class='ocrx_word' id='word_1_238' title='bbox 657 4628 776 4698; x_wconf 87' lang='lat' dir='ltr'><strong>parietis</strong></span> <span class='ocrx_word' id='word_1_239' title='bbox 798 4628 828 4684; x_wconf 91' lang='lat' dir='ltr'><strong>in</strong></span> <span class='ocrx_word' id='word_1_240' title='bbox 850 4633 971 4699; x_wconf 90' lang='lat' dir='ltr'><strong>utroque</strong></span> <span class='ocrx_word' id='word_1_241' title='bbox 992 4626 1126 4700; x_wconf 90' lang='lat' dir='ltr'><strong>nectitur,</strong></span> 
     </span>
     <span class='ocr_line' id='line_1_36' title="bbox 422 4711 1340 4786; baseline 0.004 -18"><span class='ocrx_word' id='word_1_242' title='bbox 422 4711 510 4781; x_wconf 82' lang='lat' dir='ltr'><strong>Quem</strong></span> <span class='ocrx_word' id='word_1_243' title='bbox 533 4712 601 4770; x_wconf 90' lang='lat' dir='ltr'><strong>Sion</strong></span> <span class='ocrx_word' id='word_1_244' title='bbox 624 4721 724 4770; x_wconf 77' lang='lat' dir='ltr'><strong>salicta</strong></span> <span class='ocrx_word' id='word_1_245' title='bbox 746 4713 882 4786; x_wconf 90' lang='lat' dir='ltr'><strong>suscepit,</strong></span> <span class='ocrx_word' id='word_1_246' title='bbox 905 4713 935 4769; x_wconf 92' lang='lat' dir='ltr'><strong>in</strong></span> <span class='ocrx_word' id='word_1_247' title='bbox 958 4728 1013 4785; x_wconf 88' lang='lat' dir='ltr'><strong>quo</strong></span> <span class='ocrx_word' id='word_1_248' title='bbox 1037 4713 1157 4769; x_wconf 89' lang='lat' dir='ltr'><strong>credens</strong></span> <span class='ocrx_word' id='word_1_249' title='bbox 1180 4719 1340 4785; x_wconf 89' lang='lat' dir='ltr'><strong>permanet.</strong></span> 
     </span>
    </p>
   </div>
   <div class='ocr_carea' id='block_1_14' title="bbox 0 0 1826 5550">
    <p class='ocr_par' dir='ltr' id='par_1_16' title="bbox 0 0 1826 5550">
     <span class='ocr_line' id='line_1_37' title="bbox 0 0 1826 5550; baseline 0 11"><span class='ocrx_word' id='word_1_250' title='bbox 0 0 1826 5550; x_wconf 95' lang='lat' dir='ltr'><strong> </strong></span> 
     </span>
    </p>
   </div>
  </div>
 </body>
</html>
