3642 5550
498 646 501 651 ’
570 632 636 680 Pars
654 633 675 680 1.
711 632 811 695 Hymni
830 628 1008 693 antiquissimi
1027 641 1095 675 saec.
1115 626 1232 674 v.--xt.

565 806 594 866 2.
629 804 671 861 Te
694 802 825 879 petimus,
850 800 958 873 pietate
979 804 1029 857 tua

632 889 737 947 intima
759 886 855 946 cordis
877 890 909 944 ut
930 885 1065 959 irradies,

626 974 681 1045 Qui
704 974 876 1032 renitescere
899 1018 907 1033 .
932 1019 939 1034 .
964 1016 971 1031 .
994 987 1012 1029 a

628 1060 772 1133 Tempora
795 1058 847 1117 das
868 1055 1089 1130 diadematibus,

631 1145 756 1220 Christe,
778 1144 955 1217 redemptor,
978 1143 1007 1199 in
1030 1157 1098 1200 arce
1120 1139 1188 1213 poli.

563 1287 592 1344 3.
627 1284 673 1342 Ex
696 1288 780 1356 patre
803 1282 851 1355 qui
874 1281 955 1354 prius
978 1296 1008 1338 es
1033 1279 1155 1353 genitus,

629 1370 718 1441 Quam
741 1383 830 1444 mare,
854 1371 942 1439 terra,
966 1366 1049 1439 polus
1071 1364 1164 1438 fieret,

629 1456 696 1528 lpse
718 1452 831 1511 refusus
854 1468 885 1510 es
908 1467 944 1509 ex
965 1449 1074 1509 sinibus

629 1540 782 1613 virgineis,
805 1543 838 1596 ut
859 1538 944 1597 homo
967 1538 1061 1597 valeat

629 1626 752 1684 Nascier
774 1623 889 1683 arcibus
912 1623 1064 1687 aethereis.

563 1765 592 1822 4.
626 1762 721 1832 Hunc,
737 1760 812 1819 bone
835 1759 959 1837 Christe,
986 1759 1062 1819 diem
1082 1757 1178 1815 tribue

628 1846 813 1921 Supplioibus
838 1844 988 1904 celebrare
1010 1844 1077 1916 tuis,

626 1934 687 2004 Quo
708 1932 814 1991 meruit
836 1947 920 1990 sacra
942 1931 1024 2005 virgo
1046 1928 1129 2003 polos

627 2018 782 2091 Scandere,
806 2034 822 2076 o
846 2065 853 2080 .
878 2062 885 2079 .
909 2033 998 2076 ovans
1017 2014 1118 2091 populi

629 2104 733 2165 Contio
755 2101 831 2162 festa
854 2104 950 2163 dicata
973 2103 1052 2163 colit.
1084 2145 1086 2149 ,

566 2244 594 2303 5.
631 2240 675 2300 Sit
695 2241 786 2299 honor
807 2239 923 2297 inolitus
945 2239 1083 2314 ingenito,

630 2326 675 2385 Sit
696 2326 746 2399 pia
766 2326 829 2385 laus
853 2325 939 2383 etiarn
962 2324 1067 2398 genito,

631 2411 675 2470 Sit
697 2411 808 2485 pariter
830 2411 892 2469 sine
915 2409 973 2469 fine
991 2424 1109 2469 manens

629 2495 844 2569 Magnificentia
866 2496 991 2569 spiritui,

631 2582 733 2641 Omnia
756 2584 805 2655 qui
828 2580 987 2641 refovendo
1010 2581 1094 2654 regit.

386 2735 474 2785 Bedae
492 2735 637 2799 Computus
660 2750 707 2784 ms.
733 2749 800 2785 saec.
825 2730 850 2784 9.
887 2733 950 2785 Cod.
968 2734 1090 2784 Vatican.
1115 2728 1173 2782 645.
1197 2730 1258 2780 add.
1285 2745 1354 2781 saec.
1379 2725 1441 2782 ¹¹l1r.
1464 2750 1489 2761 -

318 2800 342 2865 3,
361 2800 377 2853 2
395 2800 497 2869 rnar[e].
514 2830 549 2838 -
566 2800 590 2863 3,
612 2800 628 2854 3
647 2799 781 2867 resus[us].
802 2829 835 2837 -
852 2799 876 2863 5,
896 2800 913 2852 2
931 2805 973 2854 Sit
991 2804 1042 2867 pie.
1062 2829 1092 2836 —
1112 2797 1137 2863 5,
1156 2795 1490 2865 3Si1tpari]ter.—Ah·

318 2871 411 2921 schrift
428 2888 481 2921 von
499 2875 563 2923 Rev.
584 2874 617 2921 Η.
635 2873 671 2921 Μ.
690 2873 839 2922 Bannister.

702 3105 760 3163 121.
789 3106 834 3160 Dc
852 3105 952 3161 Beata
969 3104 1070 3161 Maria
1087 3105 1123 3162 V.

325 3250 353 3309 1.
388 3247 558 3321 Mysterium
583 3248 721 3306 ecclesiae
939 3251 968 3310 5.
1003 3251 1079 3309 Vere
1101 3247 1194 3321 gratia
1215 3248 1302 3320 plena
1325 3263 1355 3305 es

387 3337 529 3407 Hymnum
554 3333 669 3391 Christo
692 3331 855 3408 referimus,
1004 3334 1044 3392 Et
1066 3334 1192 3405 gloriosa
1214 3348 1377 3405 permanes,

388 3421 476 3491 Quem
500 3420 599 3494 genuit
621 3435 765 3492 puerpera
1004 3419 1078 3490 Quia
1101 3435 1136 3478 ex
1159 3426 1188 3476 te
1210 3419 1293 3477 nohis
1317 3419 1456 3491 Christus,

388 3503 513 3565 Verbum
536 3505 628 3577 patris
651 3505 680 3562 in
703 3503 775 3565 filio.
1003 3507 1062 3564 Per
1083 3520 1167 3577 quem
1191 3502 1269 3563 facta
1291 3508 1358 3562 sunt
1380 3503 1477 3561 omnia.

324 3659 354 3717 2.
391 3657 459 3714 Sola
481 3657 510 3714 in
533 3673 604 3715 sexu
627 3655 733 3715 femina
943 3661 972 3719 6.
1007 3659 1150 3732 pastores,
1174 3659 1222 3732 qui
1246 3658 1410 3730 audierunt,

389 3742 492 3800 Electa
515 3759 545 3800 es
568 3743 598 3800 in
621 3743 737 3801 saeculo
1006 3743 1136 3802 Gloriam
1157 3744 1220 3802 Deo
1243 3749 1405 3820 cantarunt,

388 3828 428 3885 Et
450 3828 581 3885 mernisti
603 3827 758 3885 Dominum
1005 3830 1199 3890 cucurrerunt
1222 3829 1251 3886 in
1274 3828 1442 3886 Bethlehem

389 3912 525 3971 Sanctum
548 3918 665 3986 portare
687 3913 717 3971 in
739 3918 831 3976 utero.
1005 3915 1115 3972 Natum
1138 3915 1236 3973 videre
1259 3914 1422 3974 Dominum.

323 4069 353 4127 3.
388 4069 476 4127 Vates
499 4067 610 4138 antiqui
632 4067 770 4140 temporis
941 4070 969 4128 7.
1006 4068 1054 4127 Sic
1076 4068 1156 4141 Magi
1178 4067 1215 4126 ab
1238 4072 1303 4125 ortu
1326 4068 1396 4127 solis

387 4153 587 4225 Praedixerat,
611 4153 687 4225 quod
708 4151 884 4228 factumest,
1002 4154 1060 4211 Per
1082 4154 1184 4211 stellae
1205 4153 1343 4211 iudicium

385 4238 458 4309 Quia
481 4238 561 4310 virgo
585 4238 749 4310 conciperet
1003 4239 1155 4296 Portantes
1178 4244 1277 4313 typum
1301 4239 1427 4312 gentium

387 4323 427 4381 Et
448 4328 564 4396 pareret
586 4314 736 4382 Emanuei.
1002 4325 1091 4383 Primi
1114 4323 1237 4382 offerunt
1258 4340 1387 4385 munera.

321 4478 350 4536 4.
391 4475 562 4548 Mysterium
585 4476 640 4533 hoc
663 4493 794 4549 magnum
818 4483 871 4554 est,
939 4480 968 4538 8.
1002 4477 1143 4550 Rogemus
1167 4493 1242 4554 ergo,
1266 4478 1378 4553 populi,

388 4561 502 4619 Mariae
524 4562 601 4634 quod
625 4578 789 4620 concessum
813 4567 866 4637 est,
1002 4562 1058 4620 Dei
1081 4568 1201 4622 matrem
1225 4568 1253 4620 et
1275 4563 1423 4636 virginem,

389 4645 429 4705 Ut
451 4646 552 4722 Deum,
575 4664 628 4720 per
651 4664 733 4720 quern
757 4649 862 4721 omnia,
1004 4650 1045 4708 Ut
1067 4648 1132 4721 ipsa
1154 4648 1236 4708 nobis
1259 4649 1396 4721 impetret

389 4731 435 4790 Ex
458 4748 490 4790 se
513 4732 612 4791 videre
634 4733 780 4807 proderet.
1002 4735 1107 4793 Pacem
1130 4739 1159 4792 et
1181 4735 1399 4808 indulgentiam.
