3642 5550
319 621 382 687 108
586 621 652 671 Pars
669 621 693 672 Ι.
727 622 829 686 Hymni
847 621 1028 685 antiquissimi
1047 635 1116 670 saec.
1134 620 1248 671 V.-XI.

315 819 353 829 -
371 788 395 855 3,
416 789 429 841 1
448 792 539 842 vultus
551 790 589 855 K3
608 793 728 842 flammeo
741 790 794 842 GE.
814 795 847 827 -'-
865 788 890 854 3,
909 789 926 842 2
943 792 1054 841 amictus
1066 790 1169 842 BOEK.
1186 816 1221 825 -
1237 786 1261 850 8,
1279 786 1297 842 3
1311 790 1410 857 dignus
1421 792 1452 844 1).
1462 816 1494 826 -

319 862 475 927 Apparuisti
492 860 523 910 L.
541 885 576 895 -
592 857 618 920 4,
639 858 651 909 l
670 860 769 911 abditis
789 861 823 910 D·
843 885 876 895 -
894 857 919 920 4,
938 857 954 910 2
966 860 1052 910 Nobis
1069 862 1187 909 vetustas
1200 858 1302 920 ABGK,
1314 860 1408 911 Novus
1420 861 1451 910 Ι).
1462 885 1496 895 ...

319 929 371 980 Str.
389 926 405 978 5
422 928 489 979 fehlt
506 929 535 977 L.
553 955 586 963 -
605 925 629 990 5,
647 925 767 979 «lReiem
782 929 820 991 K3
840 929 967 979 caelicnm
979 928 1105 979 cccix.
1122 952 1158 961 -
1174 924 1199 987 6,
1216 925 1234 977 4
1250 942 1361 978 reamur
1378 928 1491 982 haciibus

319 999 353 1048 K.
371 1023 404 1032 ·-
424 995 446 1058 7,
468 994 480 1046 1
500 999 572 1047 Laus
588 997 622 1046 E.
640 1023 674 1032 -
691 994 715 1057 7,
732 994 750 1046 2
768 999 880 1058 Aeterne
898 1012 985 1046 rerum
997 996 1051 1045 EF.
1070 1024 1103 1032 -
1121 993 1145 1055 7,
1163 991 1180 1044 3
1193 995 1247 1056 Qui
1263 996 1330 1047 fehlt
1346 997 1383 1059 Ρ,
1403 998 1452 1059 Qui
1467 1012 1491 1047 es

318 1067 405 1116 trinus
424 1070 450 1116 et
470 1081 536 1115 unus
554 1066 585 1116 L.
603 1091 637 1100 -
656 1063 679 1127 7,
698 1062 716 1115 4
733 1080 845 1131 regnans
863 1065 930 1115 fehlt
946 1065 975 1114 F.
1515 1084 1519 1095 ·

387 1130 486 1184 Petrus
509 1129 688 1193 Venerabilis,
714 1133 761 1183 der
777 1132 927 1183 manchmal
944 1134 985 1183 als
1002 1132 1087 1182 Antar
1104 1131 1190 1183 dieses
1208 1133 1332 1196 Hymnus
1350 1132 1492 1197 anigestellt

318 1202 392 1264 wird,
411 1204 447 1252 ist
465 1201 547 1251 achon
564 1201 645 1252 durch
663 1202 710 1251 das
728 1201 803 1251 Alter
820 1201 866 1251 der
884 1201 995 1263 Quellen
1014 1201 1059 1251 AB
1078 1201 1132 1250 und
1150 1202 1176 1251 K
1193 1200 1420 1265 ausgeschlossen.

690 1470 752 1526 100.
779 1471 814 1525 ln
834 1469 958 1527 christo
977 1470 1119 1527 Domina

489 1630 518 1690 1.
554 1628 695 1688 Canamus
717 1645 815 1686 omnes
837 1629 938 1686 laudes
960 1628 1016 1686 Dei
1038 1626 1109 1701 filio,

553 1713 703 1774 Caelomn
726 1714 797 1790 regi,
821 1714 913 1786 patris
936 1713 1090 1788 unigenito,

551 1799 627 1861 Vero
650 1804 678 1857 et
700 1816 803 1872 magno
826 1801 892 1859 Iesu
915 1798 1029 1859 Christe
1051 1798 1186 1859 Domino.

488 1974 519 2031 2.
553 1968 679 2028 Verbum
698 1970 747 2043 qui
770 1984 867 2027 verum
890 1974 919 2027 et
941 1985 1039 2027 verum
1062 1968 1239 2042 principium

552 2055 599 2115 Ex
620 2062 703 2129 patre
724 2060 823 2113 natam
845 2060 875 2112 et
896 2060 964 2112 ante
985 2054 1146 2125 luciferum,

552 2140 639 2214 Virgo
660 2139 756 2201 Maria
779 2156 876 2200 verum
899 2141 1032 2212 concepit
1054 2139 1208 2197 hominem.

484 2297 515 2356 3.
551 2295 650 2367 Agnus
673 2293 721 2351 hic
742 2294 797 2351 Dei
820 2298 848 2351 et
870 2308 940 2351 vcra
962 2292 1113 2369 sapientia,

552 2377 611 2436 Per
632 2396 715 2451 quem
737 2384 895 2436 noscuntur
916 2393 979 2435 esse
1001 2383 1098 2435 creata
1120 2378 1216 2437 omnia

554 2464 671 2525 Caelum
694 2480 749 2537 que
771 2469 850 2522 terra
872 2470 902 2520 et
924 2469 1028 2522 cuncta
1049 2464 1203 2523 moventia.

486 2619 518 2678 4.
555 2617 610 2687 aui
632 2617 726 2676 caelos
748 2617 820 2690 tegit
841 2616 952 2689 angelis
974 2622 1003 2674 et
1025 2615 1157 2691 imperat,

553 2702 642 2760 Venit
662 2702 692 2759 in
715 2703 860 2772 mundum,
883 2708 916 2759 ut
938 2702 1065 2762 salvaret
1086 2701 1233 2777 populum,

555 2788 637 2848 Mitis
661 2793 690 2845 et
711 2787 795 2847 fortis
817 2788 854 2847 ad
878 2789 1082 2846 conterendam
1105 2787 1247 2847 zabulum.

487 2943 520 3003 5.
555 2940 601 2998 De
622 2939 701 2998 tribu
723 2940 796 2998 luda
818 2916 965 3013 regalique
987 2939 1126 3016 progenie

552 3026 664 3098 Corpus
685 3025 788 3102 induit,
812 3032 844 3083 ut
865 3025 956 3083 leonis
978 3026 1089 3084 catulus

548 3113 576 3169 A
598 3111 698 3169 mortis
720 3125 818 3168 somno
841 3117 1004 3184 resurgeret
1025 3111 1162 3173 velocius

485 3267 517 3327 6.
550 3263 645 3322 Multa
667 3269 696 3321 et
717 3280 820 3338 magna
842 3262 913 3321 fecit
933 3263 1087 3336 mirabilia,

552 3348 669 3407 Sanavit
691 3350 789 3421 plures
812 3366 829 3407 a
851 3350 945 3407 saevis
969 3349 1127 3424 doloribus,

553 3434 674 3507 Depnlit
695 3435 810 3494 morbos
832 3440 861 3491 et
883 3435 1033 3492 suscitavit
1055 3441 1191 3498 manuos.

488 3589 521 3650 7.
555 3589 610 3646 Via
630 3595 658 3646 et
681 3589 741 3648 vita
763 3604 798 3647 ac
818 3588 961 3663 propheta
983 3588 1108 3661 optimus

551 3674 662 3747 Deique
684 3691 773 3747 agnus
796 3675 908 3746 poliens
931 3679 1041 3746 septem
1065 3673 1210 3751 cornibus,

552 3759 593 3818 Ut
615 3759 764 3832 legislator
785 3759 931 3832 praedixit
953 3760 1094 3834 egregius.

487 3916 518 3976 8.
552 3912 669 3972 Occisus
693 3911 805 3970 demum
827 3911 940 3983 perfido
962 3929 979 3970 a
1001 3913 1108 3985 populo

554 3998 593 4056 Et
616 3998 678 4055 sine
701 3998 786 4069 culpa
808 3997 932 4056 traditus
954 3997 1085 4070 patibulo

553 4083 634 4142 Unus
656 4099 709 4156 pro
732 4082 828 4139 maltis
852 4083 978 4155 suscepit
1000 4083 1197 4156 opprobrium.

490 4241 521 4301 9.
557 4237 691 4296 Redemit
713 4253 779 4295 suos
801 4237 858 4294 iam
880 4244 1000 4310 peccato
1022 4245 1159 4310 mortuos,

552 4323 610 4381 Pro
632 4321 735 4394 quibus
759 4320 835 4380 fudit
857 4339 937 4379 suum
962 4323 1027 4395 pius
1049 4323 1224 4398 sanguinem,

560 4409 685 4466 Mortem
708 4416 843 4481 suscepit,
867 4414 899 4464 ut
921 4424 973 4465 nas
995 4408 1034 4466 ad
1057 4408 1143 4465 vitam
1166 4408 1295 4467 duceret.

468 4561 519 4624 10.
552 4563 650 4620 Morte
673 4561 795 4618 contrita
816 4560 869 4617 sub
892 4561 967 4634 pede
989 4561 1139 4619 Dominico

555 4647 699 4705 Praedam
721 4647 857 4718 perduxit
879 4647 917 4704 ad
939 4646 1064 4706 caeleste
1086 4645 1229 4718 gaudium,

558 4731 655 4790 Fortis
677 4731 807 4790 ascendit
830 4747 893 4788 cum
917 4731 1011 4789 choris
1035 4731 1183 4806 angelicis.
