3642 5550
321 612 383 680 200
578 612 644 667 Pars
661 614 683 667 I.
718 613 818 682 Hymni
836 614 1015 682 antiquissimi
1034 631 1103 667 suec.
1120 614 1234 666 V.-XI.

1097 700 1108 737 t

321 792 378 840 Deo
394 791 463 855 patri
483 791 518 839 sit
535 784 657 854 [gloria];
676 789 714 838 K:
734 788 839 852 Gloria;
858 788 881 838 E
900 788 1077 853 vollstrindig:
1095 788 1188 839 Gloria
1199 788 1249 837 tibi
1261 789 1378 839 Domine
1394 782 1397 852 l
1412 786 1490 837 Gloria

320 860 456 924 unigenito
472 854 476 923 Ι
491 859 553 910 Una
575 874 633 908 cum
657 863 748 908 sancto
773 859 869 923 spiritu
884 855 888 919 Ι
904 859 936 908 In
961 860 1122 923 sempiterna
1140 856 1255 907 saecula
1272 881 1309 892 -
1328 856 1399 906 Titel
1417 857 1443 904 in
1458 855 1489 903 l:

322 929 473 990 „Hymnum
492 930 576 977 sancti
594 922 734 985 Martini“‚
753 927 781 975 in
799 927 844 977 BC
864 927 999 990 „Hymnus
1017 928 1102 976 sancti
1119 922 1254 976 Martini.“

389 996 464 1046 Auch
483 996 547 1057 bier,
566 997 616 1044 wie
634 995 717 1044 achon
735 996 808 1057 uber,
827 998 862 1044 ist
879 995 924 1045 die
941 995 1116 1046 interessante
1128 993 1321 1059 Beobacbtung
1338 1009 1372 1042 zu
1384 991 1487 1050 macheu,

320 1066 370 1113 wie
394 1066 438 1114 ein
461 1063 724 1114 ult-Mariandischer
746 1065 866 1128 Hymnus
890 1066 918 1112 in
942 1063 985 1113 die
1003 1060 1194 1113 Cistercimser
1210 1063 1338 1112 Breviere
1355 1061 1487 1111 Aufuabue

320 1132 390 1184 fand.
408 1159 442 1167 —
461 1134 512 1182 Die
530 1132 668 1183 Kollation
685 1147 738 1181 von
756 1132 788 1191 A,
806 1132 905 1181 welche
924 1131 966 1181 icb
986 1133 1027 1183 bei
1047 1134 1158 1181 meinem
1176 1130 1333 1181 Aufeuthalt
1351 1132 1379 1179 in
1398 1131 1487 1178 Verona

320 1200 466 1251 ribersehen
484 1201 564 1261 batte,
583 1202 705 1265 besorgtc
724 1202 826 1266 gritigst
844 1201 912 1264 Meg.
931 1201 964 1250 A.
982 1200 1124 1266 Spagnolo,
1142 1200 1262 1250 Praefect
1279 1198 1327 1248 der
1342 1199 1410 1249 Bibl.
1423 1198 1485 1262 Capi·

318 1270 410 1320 tulare.
1070 1281 1071 1285 ’

597 1556 658 1613 lu.
686 1557 721 1610 ln
740 1570 766 1612 s.
787 1556 915 1613 Martlnl
932 1554 1039 1611 Martii
1056 1553 1219 1609 Bremltue.

705 1680 855 1744 Hymnus
872 1680 965 1729 Petri
983 1679 1140 1728 Diaconi.

473 1905 596 1963 Vocibus
618 1904 760 1979 organicis
783 1903 911 1962 Martiuo
933 1902 1050 1975 psallite
1071 1901 1158 1974 patri,

514 1992 599 2048 Hunc
621 1991 748 2062 laudate,
771 1988 861 2058 ebori,
884 1988 1003 2048 vocibus
1025 1987 1177 2061 organicis.

473 2076 604 2134 Praetica
627 2076 788 2148 despiciens
811 2074 859 2132 bic
880 2074 968 2133 vitam
992 2073 1074 2132 duxit
1097 2073 1255 2141 honestam,

515 2162 571 2220 Hic
595 2160 649 2219 luit
672 2160 701 2218 e't
723 2161 860 2235 prudens,
885 2160 1016 2232 practica
1038 2159 1212 2231 despiciens.

427 2251 444 2308 5
469 2247 580 2306 Carnes
602 2247 729 2306 membra
751 2246 836 2305 nimis
859 2246 985 2319 spiratus
1008 2250 1103 2303 mente
1125 2245 1263 2314 domavit,

513 2331 671 2406 Affligebat
695 2332 768 2391 enim
793 2347 897 2390 carnea
920 2330 1049 2388 membra
1070 2330 1164 2389 nimie.

472 2418 581 2478 Montis
604 2424 667 2476 erat
688 2418 798 2476 loculus
821 2417 916 2475 loculo
941 2414 1054 2474 felicior
1076 2415 1165 2486 omni,

515 2505 575 2577 Quo
599 2503 653 2561 suit
675 2504 820 2579 inclusus;
843 2504 948 2561 montis
971 2508 1034 2560 erat
1057 2501 1176 2579 loculus.

475 2590 578 2667 „Alter
600 2590 706 2647 amicus
729 2586 803 2647 erit“
829 2594 897 2646 tunc
919 2589 962 2645 sic
985 2587 1121 2645 divinitus
1143 2587 1242 2663 audit3

402 2678 441 2737 10
511 2675 583 2752 „His
606 2682 637 2732 tu
659 2691 747 2747 parce
769 2674 849 2748 locis,
873 2674 948 2732 alter
969 2674 1076 2737 amicus
1099 2672 1164 2731 erit.

468 2760 591 2820 Sedibus
612 2765 697 2835 atque
719 2760 790 2819 locis
813 2765 927 2818 maneat
948 2759 1123 2818 Benedictus
1144 2758 1175 2817 in
1197 2758 1271 2824 istis,

511 2846 548 2905 Se
570 2846 706 2905 retinebit
727 2847 756 2903 in
777 2846 821 2904 bis
844 2845 961 2904 sedibus
983 2850 1069 2918 atque
1090 2845 1171 2906 locis.

467 2933 611 2992 Marsicos
634 2938 677 2990 est
698 2948 810 3006 quoque
831 2948 922 3005 mous,
945 2948 1000 3003 quo
1023 2939 1054 2988 tu
1076 2944 1234 3003 properare
1257 2931 1376 2999 iuberis,

511 3021 570 3091 Quo
591 3017 661 3091 figes
683 3033 821 3092 gressum,
844 3017 987 3075 Marsicos
1010 3022 1052 3073 est
1074 3031 1186 3088 quoque
1210 3013 1320 3076 mons.“

403 3107 441 3163 15
465 3104 592 3161 Marsica
614 3104 680 3177 iuga
703 3103 781 3161 subit
802 3103 947 3161 Martinus
970 3102 1012 3159 sic
1035 3118 1146 3174 quoque
1169 3104 1285 3175 montis,

510 3189 657 3262 Angelicis
680 3189 794 3247 monitis
818 3189 943 3246 Marsico
966 3188 1032 3260 iuga
1053 3187 1141 3246 subit.

468 3276 559 3349 Rupis
582 3275 611 3333 in
635 3276 736 3347 exiguo
759 3274 801 3331 sic
824 3275 937 3332 demum
960 3290 991 3330 se
1015 3274 1092 3331 locat
1114 3278 1197 3330 antro

511 3360 684 3418 Coniunctus
704 3361 827 3418 Domino
850 3360 930 3432 rupis
953 3359 982 3416 in
1007 3359 1118 3433 exiguo.

467 3448 595 3518 Tumque
617 3446 721 3518 pedem
745 3445 869 3517 religans
893 3444 970 3502 ferro
993 3446 1121 3516 duraque
1144 3450 1254 3514 catena,

402 3536 440 3592 20
509 3532 548 3590 Ut
571 3547 601 3588 se
623 3532 801 3604 constringat
823 3537 940 3603 tumque
962 3531 1064 3602 pedem
1089 3530 1223 3606 religans

468 3619 514 3675 lre
537 3625 638 3674 catena
658 3622 751 3687 vetat3
775 3617 817 3673 sic
839 3620 877 3687 te,
901 3616 1028 3675 Muttine
1051 3631 1165 3672 coerces

510 3704 580 3774 Igne
602 3702 656 3760 Dei
681 3700 811 3774 fervens3
836 3701 878 3759 ire
902 3708 1003 3758 catena
1026 3708 1112 3760 vetat.

468 3788 524 3845 Sed
548 3794 632 3860 pater
653 3789 716 3860 ipse
739 3787 803 3860 pius
827 3787 892 3844 dum
917 3787 1041 3861 percipit
1064 3786 1135 3843 baec
1157 3786 1343 3858 Benedictus,

510 3873 627 3931 Solvere
648 3873 742 3932 vinclo
764 3872 843 3930 iubet
866 3873 916 3929 sed
940 3880 1024 3944 pater
1045 3873 1108 3943 ipse
1131 3873 1205 3945 pius,

399 3963 437 4018 25
466 3959 604 4035 „Vincula
626 3958 710 4031 iunge
733 3958 785 4015 tibi
808 3975 863 4016 non
886 3955 965 4032 ferri,
989 3958 1040 4015 sed
1063 3973 1144 4030 mage
1167 3957 1286 4030 Christi,

512 4043 675 4101 Constantis
700 4042 766 4101 fidei
790 4045 903 4101 vincula
926 4043 1010 4114 iunge
1033 4043 1115 4105 tibi.“

458 4129 539 4185 -Tunr
562 4129 654 4201 patris
676 4129 795 4202 irnperio
819 4129 969 4186 Benedicti
991 4128 1106 4187 vincula
1128 4127 1225 4196 solvit,

511 4214 546 4271 Se
569 4215 654 4272 solvit
677 4213 753 4272 ferro
775 4221 835 4271 turn
858 4214 950 4286 patris
972 4214 1104 4285 imperio,

467 4300 489 4358 0
512 4300 560 4371 pie
583 4301 628 4357 vir
649 4300 774 4366 Domini,
798 4300 909 4358 solvisti
934 4299 1047 4358 vincula
1070 4297 1149 4374 ferri,

371 4441 374 4448 .
401 4389 440 4444 30
506 4386 608 4442 Vincla
630 4386 685 4444 Dei
707 4386 810 4458 iungis,
834 4402 850 4442 o
872 4386 920 4458 pie
944 4385 987 4442 vir
1010 4385 1135 4445 Domini.

469 4471 574 4541 Vipera
596 4478 625 4528 te
648 4468 762 4544 refugit,
788 4471 855 4527 dum
879 4473 1010 4528 dextram
1034 4471 1158 4543 porrigis
1181 4473 1234 4537 ori,

509 4557 584 4628 Stoa,
607 4573 682 4617 oras.
707 4556 815 4628 psallis,
839 4556 940 4629 vipera
963 4562 991 4613 te
1015 4555 1131 4628 refugit.

467 4640 519 4708 Tu,
543 4642 629 4698 decus
653 4641 796 4715 eximium,
820 4642 922 4716 vincis,
946 4642 1081 4715 Mutine,
1106 4641 1256 4699 colubmm

509 4726 549 4784 Et
571 4727 661 4786 vincis
684 4726 827 4800 zabulum,
850 4732 882 4785 tu
905 4728 993 4785 decus
1016 4727 1161 4786 eximium.
