3642 5550
323 604 385 668 332
624 604 689 655 Pars
707 604 744 656 Π.
780 605 935 670 Hymuodia
953 603 1194 656 Hiberon-Celtica.

639 823 728 880 else.
757 822 866 882 Oratio
885 824 926 881 ed
943 837 969 880 s.
988 823 1179 881 Michaelem.

346 986 374 1045 1.
409 985 513 1044 Unitas
535 984 565 1042 in
587 985 726 1054 trinitate,
961 985 989 1047 7.
1023 985 1108 1042 Hunc
1130 999 1277 1057 rogemus,
1304 981 1483 1041 truculentas

451 1077 480 1127 te
502 1086 662 1145 precamur,
686 1070 810 1145 domine,
919 1073 921 1077 '
1066 1076 1098 1127 ut
1119 1075 1233 1129 avertat
1254 1068 1366 1142 species

410 1155 450 1215 Ut
471 1172 523 1214 nos
546 1172 660 1230 semper
681 1157 780 1214 trahas
803 1154 840 1213 ad
856 1160 886 1212 te
1024 1155 1136 1214 Inimici
1158 1161 1187 1212 et
1208 1171 1261 1213 nos
1284 1155 1380 1231 ducat,

452 1242 558 1314 desque
580 1247 647 1303 vota
669 1242 802 1303 reddere.
931 1266 934 1272 ·
1067 1241 1116 1299 ubi
1139 1256 1208 1300 vera
1230 1240 1352 1313 requies.

344 1415 374 1472 2.
408 1412 473 1491 Via,
496 1413 603 1471 veritas
626 1417 655 1471 et
677 1412 744 1491 vita,
961 1416 990 1474 8.
1024 1413 1152 1471 Adiuvet
1172 1427 1225 1470 nos
1248 1415 1364 1470 sanctus
1387 1411 1443 1467 iste

451 1498 620 1573 principalis
639 1499 760 1572 puritas,
1068 1497 1169 1557 diebus
1191 1513 1225 1556 ac
1247 1496 1380 1555 noctibus

409 1585 499 1643 Parce
521 1584 604 1643 nobis
627 1586 786 1645 relaxando
1024 1584 1064 1642 Et
1085 1600 1137 1642 nos
1160 1592 1249 1656 ponat
1269 1584 1299 1640 in
1323 1583 1458 1655 supernis

451 1686 558 1743 poenas
581 1670 673 1744 culpis
697 1670 818 1731 debitas.
1067 1669 1222 1728 electorum
1246 1668 1374 1730 sedibus.

346 1845 374 1901 3.
408 1840 517 1900 Nostra
537 1858 605 1915 spes
627 1842 656 1900 iu
678 1841 809 1900 trinitate
959 1846 989 1904 9.
1023 1842 1152 1915 Angelus
1173 1840 1221 1897 hic
1243 1840 1419 1915 intercedat,

450 1928 489 1984 sit
510 1933 539 1984 ct
560 1945 617 1986 non
639 1929 668 1985 in
692 1928 805 1985 bomine
1066 1927 1182 1986 adiutor
1203 1924 1376 1998 probabilis,

408 2012 605 2086 Angelumque
628 2014 824 2086 deprecemur,
1023 2011 1201 2085 Prouehis,
1231 2012 1280 2083 qui
1302 2027 1401 2070 snmus
1423 2011 1503 2083 pravi

450 2099 620 2157 Michaelem
643 2099 764 2176 nominc,
1065 2105 1131 2157 actu
1153 2104 1239 2169 atque
1262 2095 1392 2172 fragiles.

347 2273 377 2330 4.
412 2270 452 2329 Ut
473 2271 512 2328 sit
533 2271 634 2329 obvius
657 2286 691 2329 ac
713 2270 816 2327 missus
943 2269 992 2330 10.
1025 2270 1146 2328 Sanctus
1169 2270 1224 2327 iste
1246 2286 1298 2325 nos
1323 2265 1464 2326 defendat

451 2355 534 2414 nobis
557 2357 611 2415 Dei
634 2371 751 2414 munere
1068 2371 1181 2430 semper
1203 2354 1262 2412 suis
1285 2353 1407 2425 viribus,

411 2444 490 2501 Hora
512 2443 605 2500 exitus
629 2444 665 2501 de
687 2443 745 2500 uita
1025 2443 1070 2500 Ne
1091 2458 1142 2499 nos
1166 2441 1272 2498 mundo
1296 2440 1470 2498 decedentes

452 2528 508 2585 ista
529 2534 615 2601 atque
638 2543 768 2601 corpore.
1067 2530 1266 2600 opprimamur
1286 2525 1429 2587 hostibus.

346 2702 376 2759 5.
411 2698 455 2755 Ne
477 2715 529 2756 uos
553 2700 639 2757 ducat
661 2698 690 2755 in
713 2716 840 2757 amarum
939 2701 988 2760 11.
1024 2699 1146 2758 Sanctus
1170 2697 1290 2757 Gabriel
1313 2699 1441 2769 assistat,

450 2785 581 2842 minister
602 2785 729 2857 iuergiae
924 2810 928 2820 ·
1067 2786 1198 2858 Raphael
1221 2790 1250 2842 et
1272 2785 1373 2858 ceteri,

410 2871 476 2943 lpse
497 2871 633 2943 princeps
655 2870 837 2929 tenebrarum
1024 2871 1065 2931 Ut
1085 2889 1103 2930 a
1124 2871 1208 2930 malis
1230 2870 1388 2929 liberemur

337 3022 339 3027 y
440 2962 536 3039 satque
558 2973 609 3030 pes
632 2956 794 3030 superbiae,
1066 2963 1096 3014 et
1117 2976 1135 3016 a
1157 2957 1249 3033 portis
1272 2953 1370 3017 interi.

345 3129 374 3189 6.
407 3126 590 3185 Adiutorium
613 3132 761 3186 succurrat
939 3129 987 3191 12.
1022 3129 1154 3187 Omnium
1176 3132 1341 3186 sanctornm
1364 3127 1449 3185 nobis

450 3212 576 3271 Michael
598 3214 762 3286 archangeli
1065 3218 1185 3272 exorent
1205 3211 1351 3286 suffragia,

407 3298 470 3357 Hac
492 3299 521 3356 iu
544 3299 624 3371 hora,
649 3316 705 3370 qua
719 3297 885 3372 gaudebunt
1024 3301 1065 3361 Ut
1087 3300 1284 3373 possideamus
1304 3300 1374 3358 laeti

449 3385 517 3442 iusti
540 3389 625 3456 atque
648 3385 751 3457 augeli.
1066 3385 1196 3460 paradisi
1217 3385 1332 3458 gaudia.

612 3558 660 3617 13.
695 3555 795 3615 Gloria
816 3557 855 3614 sit
876 3573 991 3631 semper
1012 3558 1075 3617 Deo

735 3645 812 3715 patri
835 3649 921 3716 atque
942 3642 1004 3702 filio

696 3728 834 3800 Aequalis
856 3729 894 3787 sit
917 3731 1119 3802 pneumatique

736 3815 797 3873 laus
821 3821 849 3871 et
870 3814 1012 3878 iubilatio.

391 3980 510 4030 Oration.
534 3998 581 4031 ms.
607 3984 805 4033 Lunaelacense
829 3988 892 4034 anni
911 3960 992 4035 'itte
1030 3985 1093 4040 Cod.
1116 3984 1300 4035 Vindobonen.
1325 3979 1497 4033 40861.-

322 4050 442 4099 Oration.
460 4066 507 4100 ms.
527 4050 553 4099 S.
572 4051 644 4101 Petri
664 4052 875 4118 salisburgensis
899 4055 963 4102 anni
982 4051 1057 4104 1470.
1095 4047 1496 4105 Cod.Petrin.b.V1110.B.

322 4143 354 4151 -
372 4118 737 4186 Oration.ms.'1'egnrinum
756 4122 819 4169 anni
839 4118 913 4171 1470.
944 4122 1009 4172 Olm.
1022 4124 1159 4172 Monacen.
1177 4117 1276 4175 20020.
1289 4121 1319 4171 O.
1335 4147 1370 4154 -
1382 4120 1496 4170 Oration.

321 4203 368 4235 me.
395 4188 557 4252 Tegurinum
584 4192 647 4238 anni
675 4186 749 4239 1476.
799 4189 864 4240 Cim.
892 4191 1031 4242 Monacen.
1058 4188 1156 4242 26061.
1182 4191 1216 4239 D.
1242 4215 1275 4222 —
1303 4189 1425 4240 Oration.
1453 4204 1495 4238 ms.

321 4255 483 4320 Tegurinum
502 4259 565 4305 anni
586 4254 659 4308 1490.
695 4257 760 4308 Clm.
779 4260 917 4310 Monacen.
938 4257 1032 4310 19824.
1050 4261 1082 4310 Ε.
1100 4285 1130 4294 -
1155 4255 1176 4319 1,
1194 4256 1261 4308 ere
1279 4259 1453 4323 deprecamur
1469 4259 1495 4307 B.

321 4349 356 4356 —
373 4319 404 4383 2,
430 4320 443 4372 l
462 4324 515 4373 Eia
532 4326 631 4374 veritas
649 4326 700 4376 BC.
719 4355 752 4362 —
771 4324 801 4389 2,
819 4325 835 4378 3
853 4329 904 4379 Per
922 4334 948 4379 te
966 4330 1042 4380 nobis
1060 4329 1092 4378 Ε.
1110 4357 1145 4365 -
1161 4323 1186 4389 3,
1206 4324 1218 4375 l
1238 4331 1267 4375 in
1285 4332 1312 4376 te
1329 4326 1431 4377 faetore
1449 4326 1494 4376 BC.

322 4418 355 4425 --
373 4387 403 4450 3,
428 4387 445 4441 3
462 4392 632 4456 deprecamur
649 4395 727 4445 BCD.
745 4423 780 4431 -
797 4393 827 4458 5,
849 4394 865 4446 2
883 4400 1009 4462 magister
1026 4400 1056 4447 B.
1074 4424 1108 4432 -·
1125 4393 1150 4457 6,
1168 4393 1185 4445 2
1202 4396 1343 4445 Michaelis
1362 4397 1451 4462 angeli
1467 4395 1495 4442 A.

320 4486 355 4493 —
373 4457 397 4522 6,
417 4457 433 4509 2
451 4476 507 4526 sqq.
526 4466 608 4523 tuum,
627 4469 717 4514 sancte
729 4465 852 4528 Michael.
869 4462 873 4530 Ι
888 4468 983 4516 Mortis
1001 4466 1074 4527 hora,
1093 4481 1146 4532 qua
1166 4468 1312 4529 pavescunt
1327 4462 1331 4530 Ι
1346 4471 1495 4529 peccatores

321 4529 419 4578 Ismael
436 4530 489 4579 Bc.
507 4556 541 4563 -
559 4530 590 4592 6,
614 4528 676 4582 3in
694 4534 760 4583 fehlt
777 4534 809 4584 E.
827 4560 861 4568 —
879 4532 908 4596 6,
932 4533 950 4585 4
972 4537 1106 4585 beatorum
1125 4533 1222 4599 singuli
1242 4534 1272 4582 A.
1291 4560 1327 4568 —
1344 4532 1370 4593 7,
1393 4532 1495 4582 lunnc

320 4598 874 4732 restruit-..cismucul
888 4600 1071 4732 *surm
1088 4598 1299 4722 limitat
1316 4607 1429 4736 {tert
1442 4601 1493 4720 ta

320 4754 355 4767 ψ
372 4729 396 4794 8,
415 4731 529 4797 3Utn3
547 4752 616 4801 pone
629 4739 682 4790 Bc.
700 4764 735 4773 -
752 4734 777 4798 8,
795 4734 812 4788 3
830 4754 869 4805 sq.
882 4740 919 4790 Et
935 4742 1079 4807 coniungat
1090 4741 1230 4807 posthanc
1241 4743 1493 4803 vitamlbeatorum
