3642 5550
520 630 523 634 ’
601 632 632 679 Β.
659 631 760 696 Hymni
778 631 810 681 de
828 632 957 693 Tempore
974 629 1087 695 Proprii.

413 805 462 865 11.
497 803 581 863 Celsa
601 803 750 876 praesedit
772 803 849 873 sede,
874 803 1132 876 praeclarissimam

499 889 589 959 Quam
612 889 763 946 oollooavit
785 888 827 947 sui
850 888 888 947 ad
909 890 1001 962 patris
1024 887 1182 967 dexteram,

496 974 570 1034 Inde
592 981 729 1033 venturus
751 973 837 1032 iudex
860 990 924 1032 enm
947 975 1084 1047 potentia.

412 1145 465 1207 12.
497 1144 630 1203 Timeant
650 1145 718 1202 mali
741 1144 845 1203 iudicis
867 1144 1047 1222 sententiam,

492 1230 648 1289 Exsultent
668 1229 736 1288 boni
759 1230 796 1288 de
818 1230 937 1288 caelesti
960 1230 1097 1305 praemio,

497 1316 608 1376 Reddit
629 1316 706 1388 quod
730 1316 840 1374 mactis
862 1332 915 1374 sua
936 1315 1017 1374 iuxta
1038 1330 1136 1388 opera.

410 1486 461 1547 13.
495 1485 624 1544 Canente
645 1485 723 1558 tuba,
746 1486 919 1544 adveniente
940 1485 1011 1562 Deo,

492 1571 654 1644 Resurgent
674 1587 773 1630 omnes
795 1571 900 1629 mortui
923 1569 960 1628 de
981 1571 1100 1646 tumulo,

493 1655 639 1713 Volabunt
660 1657 754 1714 saneti
776 1655 891 1715 Christo
914 1660 993 1713 certe
1014 1656 1138 1719 obviam.

410 1825 460 1885 14.
494 1827 666 1898 Regnabuut
687 1825 756 1884 iusti
777 1827 846 1884 laeti
866 1826 897 1884 in
919 1826 1055 1899 paradiso

493 1910 585 1969 Deum
608 1912 739 1970 videntes
760 1908 836 1970 faeie
857 1912 894 1970 ad
918 1909 1021 1969 faciem

492 1996 531 2054 Et
554 1997 682 2055 coronati
704 1996 865 2057 laudabunt
886 2012 1001 2070 semper
1021 1996 1125 2056 Deum.

408 2166 460 2225 15.
496 2164 598 2224 Gloria
619 2166 695 2225 trino
718 2174 747 2224 et
768 2184 824 2225 uno
846 2181 916 2225 vero
938 2166 1009 2238 Deo,

491 2250 582 2321 Patri,
605 2266 712 2311 coaevo
734 2258 764 2309 et
787 2251 934 2325 coaequali
957 2250 1027 2326 filio,

491 2336 581 2395 Simul
603 2352 668 2395 oum
689 2344 773 2410 patre
794 2344 894 2396 saneto
916 2352 1029 2408 quoqne
1047 2336 1133 2409 spirit
1154 2380 1162 2395 .

308 2521 436 2573 ,Colleet
462 2538 510 2573 ms.
536 2523 701 2586 Hymnorum
730 2527 756 2572 et
782 2523 934 2572 Carminum
961 2519 1170 2589 Sangallensefl)
1198 2536 1266 2572 saec.
1293 2517 1334 2571 10.
1375 2519 1439 2570 (lod.

285 2591 408 2642 ruxellen.
427 2586 491 2641 1351
509 2587 672 2653 (8860-67).
689 2617 724 2626 -
743 2589 766 2649 1,
784 2588 801 2640 2
818 2593 897 2654 patri.
915 2618 951 2626 —
967 2588 992 2651 2,
1012 2591 1207 2656 lVerbumque
1217 2606 1317 2640 verum.
1331 2615 1366 2623 —
1378 2585 1404 2650 3,
1421 2584 1444 2638 3

285 2674 363 2709 rrum.
381 2685 415 2695 -
431 2656 461 2718 4,
484 2656 497 2708 1
516 2664 543 2709 et
560 2660 676 2726 angelos.
695 2686 730 2695 -
747 2657 772 2719 5,
792 2657 804 2707 l
824 2660 992 2725 regalemque
1009 2662 1169 2725 progeniem.
1187 2685 1222 2693 —
1238 2656 1262 2719 5,
1280 2654 1298 2708 3
1316 2658 1391 2719 Quae
1411 2670 1436 2706 a.

285 2753 291 2761 -
306 2724 334 2790 8,
353 2724 367 2778 1
387 2743 404 2778 a
420 2726 528 2792 perfido.
545 2752 579 2763 ·-
598 2725 638 2790 10,
657 2724 673 2778 2
691 2729 831 2779 caelestem
849 2728 954 2795 gaudio.
973 2753 1008 2763 -
1027 2726 1066 2790 11,
1087 2727 1099 2779 l
1119 2728 1215 2779 sedem.
1233 2752 1268 2761 -
1287 2722 1437 2787 112181-

285 2811 323 2846 ra.
340 2821 374 2831 -
394 2793 435 2856 12,
453 2794 470 2847 3
487 2797 642 2862 Redditque.
660 2823 695 2832 -
714 2794 754 2857 13,
773 2794 786 2845 1
806 2799 930 2847 Domino.
947 2823 982 2833 -
999 2798 1051 2848 Cfr.
1069 2797 1101 2847 E.
1121 2797 1287 2858 Duemmter,
1314 2793 1443 2858 Rhythm.

285 2865 408 2915 telesiast.
426 2866 486 2915 aevi
505 2866 624 2916 Carolini
642 2868 785 2931 specimen.
804 2866 883 2915 Halia
904 2862 978 2916 1881.
996 2882 1022 2930 p.
1044 2861 1082 2915 18.

650 3186 712 3242 101.
739 3187 774 3240 In
791 3187 912 3243 laudem
931 3187 1059 3244 christi.

598 3293 746 3355 Hymnus
763 3293 911 3358 Eugenii
930 3294 1102 3360 Vulgarii.

425 3480 455 3541 1.
488 3480 605 3539 Laudes
628 3499 721 3556 pange
745 3483 816 3560 Deo,
841 3483 991 3556 redempta
1012 3484 1118 3561 lingua,

487 3565 550 3637 Quo
571 3582 667 3625 eoram
692 3568 844 3641 Seraphim
866 3574 993 3627 tremunt
1015 3569 1091 3627 beati

487 3651 653 3710 Laudantes
676 3652 813 3726 Sabaoth,
836 3653 929 3712 Deum
952 3661 1109 3713 tonantem.

425 3839 454 3898 2.
487 3836 590 3897 Lauda
611 3838 777 3913 glorificans
799 3845 913 3912 patrem
934 3845 1080 3911 potentem

487 3923 528 3981 Et
549 3923 695 3982 Christum
719 3925 846 3998 genitum
868 3926 950 3998 polos
976 3931 1120 3996 regentem

491 4008 560 4066 Cum
583 4016 683 4070 saneto
708 4011 772 4082 iuge
795 4011 900 4082 spiritu
922 4016 1092 4073 manentem.

426 4197 457 4256 3.
487 4195 545 4252 Hie
565 4213 686 4268 prorsus
708 4197 787 4255 Deus
810 4198 936 4256 omnium
957 4204 1098 4270 patrator,

483 4280 540 4338 Hie
561 4287 676 4340 sanetus
699 4282 838 4341 Dominus
859 4289 973 4356 patrum
995 4291 1135 4356 sacrator,

486 4365 540 4435 Qui
562 4374 657 4425 custos
680 4368 791 4426 animae
813 4375 857 4426 est
880 4368 980 4427 beatus
1003 4373 1111 4430 auctor.

419 4553 449 4611 4.
483 4551 539 4609 Hie
560 4553 638 4611 solus
661 4553 761 4628 bonus,
783 4571 890 4628 aequus
910 4559 941 4612 et
962 4553 1117 4628 benignus,

484 4636 615 4697 Clemens
638 4655 672 4697 ac
694 4640 758 4712 pius
780 4641 890 4699 arbiter
911 4655 1067 4718 supernus,

484 4721 592 4781 Mentis
613 4724 796 4802 principium,
820 4723 917 4783 refusa
939 4725 1040 4786 virtus.
