3642 5550
319 643 381 707 340
625 640 692 692 Pars
711 642 746 693 Π.
780 642 933 708 Hymnodia
952 640 1193 694 Hiberno·Celtioa.

389 815 429 865 Im
453 816 564 879 itbrigen
586 815 639 880 vgl.
665 830 726 863 man
747 815 790 865 die
809 816 1012 881 Bemerlrungen
1037 831 1096 864 aum
1113 813 1349 878 vorausgehenden
1368 814 1501 877 Hymnus.

322 913 353 920 —
374 885 420 934 Als
438 884 552 948 Anhang
576 886 648 932 seien
666 883 723 931 hier
741 883 862 947 folgeude
879 886 936 935 drei
955 885 1095 934 Distiohen
1113 883 1259 949 beigehigt,
1288 882 1387 932 welche
1409 884 1438 931 iu
1455 881 1503 931 der

320 953 440 1018 gleichen
458 953 506 1002 Hs.
525 953 588 1002 Cod.
608 951 755 1001 Londinen.
774 953 865 1018 Cleop.
884 956 906 1004 A
925 955 952 1004 ΙΙ
975 954 1026 1003 den
1045 952 1150 1003 Sohluss
1169 952 1273 1012 bilden,
1298 950 1352 1000 und
1370 950 1413 1000 die
1431 950 1502 1000 wohl

321 1023 356 1070 im
379 1018 418 1071 12.
436 1020 529 1071 Jahrh.
547 1023 575 1070 in
593 1022 694 1070 Burton
713 1023 869 1072 eutstauden
887 1023 959 1073 siud:

541 1141 634 1190 Ortum
653 1140 817 1191 Modvennae
836 1142 882 1190 dat
900 1143 1040 1203 Hibernia,
1059 1142 1151 1192 Sootia
1168 1140 1253 1199 finem,
1280 1131 1283 1145 ’

577 1210 674 1275 Anglia
692 1210 738 1258 dat
755 1210 892 1270 tumulum,
911 1210 957 1259 dat
976 1212 1048 1260 Deus
1066 1210 1122 1259 alta
1140 1210 1208 1274 poli,

541 1278 632 1328 Prima
648 1277 720 1327 dedit
737 1281 829 1340 vitam,
847 1279 893 1328 sed
911 1284 1021 1329 mortem
1040 1284 1111 1328 terra
1129 1278 1245 1327 secunda

577 1347 613 1395 Et
630 1348 725 1396 terram
746 1354 832 1397 terrae
849 1350 930 1397 tertia
947 1353 1018 1397 terra
1036 1347 1116 1397 dedit.

542 1416 634 1465 Aufert
652 1416 801 1476 Lanfortin,
819 1431 898 1481 quam
918 1421 989 1466 terra
1007 1415 1135 1465 Couallea
1153 1415 1259 1480 profert,

577 1483 652 1532 Felix
671 1486 800 1534 Burtonia
818 1486 931 1550 virginis
950 1500 1011 1534 ossa
1029 1489 1108 1534 tenet.

530 1701 592 1759 ⁸252.
620 1703 654 1756 ln
673 1702 773 1758 saneti
792 1702 936 1773 Patrloil,
956 1702 1097 1771 magistri
1116 1703 1290 1759 Scotorum.

651 1810 804 1873 Hymnus
830 1812 944 1859 saneti
969 1809 1166 1860 Secundini.

321 1948 349 2009 1.
383 1944 503 2024 Audite,
526 1964 624 2007 omnes
647 1954 775 2007 amantes
936 1954 965 2011 5.
1000 1947 1103 2007 illecta
1125 1948 1232 2008 Christi
1255 1948 1366 2006 talenta

425 2036 526 2112 Deum,
551 2040 651 2093 sancta
672 2034 775 2092 merita
1042 2034 1143 2091 vendit
1165 2034 1339 2107 evangeliea,

384 2120 445 2178 Viri
476 2120 505 2178 in
531 2118 647 2199 Christo
670 2119 757 2190 beati,
1000 2122 1079 2192 Quae
1101 2119 1246 2178 Hihemas
1268 2120 1346 2177 inter
1360 2125 1461 2192 gentes

431 2205 551 2264 Patrioii
571 2206 709 2280 episcopi,
1042 2222 1120 2284 oum*
1136 2204 1231 2263 usuris
1254 2205 1355 2280 exigit,

383 2291 530 2362 Quomodo
553 2290 658 2349 honum
682 2290 718 2348 ob
741 2296 835 2348 aetum
1001 2292 1115 2365 Navigii
1139 2292 1221 2347 huius
1243 2290 1351 2349 laboris

425 2377 567 2436 similatur
589 2377 698 2449 angelis
1041 2384 1100 2452 tum
1123 2392 1229 2448 operae
1254 2376 1380 2448 pretium

359 2503 361 2509 -
385 2461 605 2535 Perfectamque
627 2467 747 2534 propter
770 2462 858 2520 vitam
999 2462 1070 2520 Cmn
1092 2462 1207 2521 Christo
1233 2462 1315 2535 regni
1338 2462 1474 2519 caelestis

426 2555 565 2620 aequatur
587 2548 736 2621 apostolis.
1040 2564 1224 2621 possessurus
1247 2547 1393 2620 gaudium.

320 2688 349 2747 2.
383 2683 477 2744 Beata
499 2686 607 2744 Christi
630 2684 756 2744 custodit
938 2687 968 2746 6.
1002 2682 1114 2743 Fidelis
1137 2684 1192 2741 Dei
1215 2683 1345 2741 minister

425 2771 560 2829 mandata
582 2771 612 2828 in
635 2769 775 2848 omnibus,
1043 2769 1221 2844 insignisque
1242 2770 1359 2828 nuntius

386 2857 473 2915 Cuius
495 2874 583 2928 opera
605 2855 749 2929 refulgent
1000 2857 1198 2928 Apostolioum
1222 2856 1387 2928 exemplum

426 2943 505 2999 olara
529 2944 604 2999 inter
626 2943 765 3016 homines,
1045 2940 1222 3014 formamque
1243 2940 1364 3013 praebet
1388 2941 1479 3013 bunia,

383 3027 574 3100 Sanetumque
597 3029 676 3087 cuius
700 3031 856 3099 sequuntur
1002 3027 1055 3097 Qui
1080 3035 1138 3085 tam
1154 3026 1251 3084 verbis
1266 3043 1350 3098 quam
1368 3033 1399 3082 et
1418 3026 1500 3085 laetis

428 3115 589 3185 exemplum
612 3113 773 3186 mirificum,
1043 3112 1122 3184 plebi
1144 3112 1295 3184 praedicat
1319 3113 1384 3186 Dei,

385 3199 470 3256 Unde
492 3200 572 3256 etin
596 3199 682 3256 caelis
705 3205 816 3270 patrem
1001 3197 1050 3270 Ut,
1072 3215 1155 3270 quem
1173 3198 1258 3256 dictis
1274 3214 1331 3256 non
1349 3193 1500 3268 convertit,

425 3283 608 3357 magnificant
630 3284 791 3344 Dominum.
1043 3293 1109 3341 actu
1131 3289 1269 3356 provocet
1290 3283 1374 3346 bono.

320 3424 349 3483 3.
385 3418 527 3481 Constans
549 3422 579 3478 in
602 3422 657 3479 Dei
678 3422 781 3478 timore
939 3426 968 3484 7.
1002 3418 1133 3482 Gloriam
1156 3420 1242 3478 hahet
1265 3436 1327 3477 oum
1352 3420 1479 3496 Christo,

430 3513 459 3564 et
480 3507 538 3565 fide
560 3507 724 3580 immobilis,
1043 3507 1181 3564 honorem
1201 3507 1231 3563 in
1254 3506 1379 3578 saeculo,

384 3593 477 3665 Super
498 3609 582 3664 quem
605 3591 784 3666 aedificatur,
1002 3593 1054 3664 Qui
1077 3591 1114 3649 ab
1137 3590 1267 3650 omnibus
1289 3597 1322 3648 ut
1344 3591 1400 3648 Dei

426 3685 457 3736 ut
481 3681 593 3751 Petrus,
617 3678 747 3756 eeclesia,
1044 3682 1197 3734 veneratur
1218 3678 1346 3751 angelus,

385 3764 528 3836 Cuiusque
550 3765 743 3836 apostolatum
1001 3766 1089 3836 Quem
1111 3763 1190 3820 Deus
1212 3763 1290 3819 misit
1311 3770 1344 3821 ut
1366 3762 1485 3821 Paulum

427 3850 528 3907 aDeo
553 3849 670 3907 sortitus
694 3855 748 3923 est,
1044 3849 1081 3906 ad
1105 3853 1203 3921 gentes
1225 3849 1397 3922 apostolum,

387 3936 420 3992 In
444 3936 522 3991 ouius
545 3941 648 4008 portae
669 3936 822 3993 adversum
1003 3934 1042 3993 Ut
1064 3934 1228 3991 hominihus
1251 3934 1386 3993 ducatum

427 4017 534 4077 inferni
555 4037 611 4078 non
634 4021 813 4092 praevalent.
1045 4019 1200 4094 praeberet
1221 4035 1309 4093 regno
1331 4019 1396 4080 Dei.

320 4161 349 4220 4.
383 4156 522 4216 Dominus
543 4157 623 4215 illum
645 4157 740 4230 elegit,
931 4160 967 4240 ¹8.
1001 4154 1129 4215 Humilis
1152 4156 1207 4214 Dei
1228 4156 1265 4215 ob
1288 4162 1395 4214 metum

426 4249 459 4301 ut
481 4244 598 4301 doceret
620 4242 758 4301 barbaras
1044 4243 1149 4315 spiritu
1172 4247 1200 4298 et
1223 4256 1353 4315 corpore,

387 4329 525 4386 Nationes
547 4334 576 4385 et
595 4329 722 4402 piscaret
1001 4327 1095 4402 Super
1117 4343 1199 4400 quem
1222 4327 1328 4386 bonum
1350 4327 1388 4388 ob
1406 4332 1497 4385 aetum

428 4430 479 4489 per
501 4414 649 4472 doctrinae
671 4415 754 4488 retia,
1044 4413 1199 4486 requiescit
1221 4414 1369 4492 Dominus,

384 4500 422 4558 Et
446 4500 482 4557 de
505 4500 618 4558 saeculo
641 4500 792 4557 credentes
1001 4498 1144 4572 Cuiusque
1167 4499 1243 4557 iusta
1264 4500 1294 4556 in
1317 4515 1404 4558 carne

427 4586 555 4644 traheret
578 4586 616 4643 ad
637 4585 768 4659 gratiam,
1046 4584 1154 4643 Christi
1176 4591 1272 4657 portat
1295 4587 1431 4658 stigmata

386 4671 538 4728 Dominum
561 4671 610 4743 qui
633 4675 819 4743 sequerentur
1000 4671 1040 4728 Et
1061 4671 1142 4730 ouius
1164 4671 1227 4730 sola
1248 4676 1414 4729 sustentans

427 4757 524 4814 sedem
547 4758 584 4815 ad
605 4757 778 4818 aetheream.
1043 4755 1182 4830 gloriatur
1203 4757 1234 4814 in
1256 4771 1352 4815 eruce.
1396 4808 1398 4815 .
