3642 5550
615 635 644 682 B.
671 632 772 695 Hymni
790 630 822 680 de
839 630 969 693 Tempore
986 629 1092 691 Proprii
1398 633 1439 695 69

258 800 294 853 12
312 818 337 853 ει.
363 802 394 853 G.
420 828 455 836 -
480 803 551 852 Viat.
574 818 622 851 ms.
646 802 744 852 Johan.
769 800 951 851 Noviforensis
974 814 1042 849 saec.
1069 796 1108 848 14.
1150 799 1214 849 Cod.
1238 800 1307 849 Mus.
1331 803 1440 855 Bohem.

258 873 329 921 XIII
342 872 366 920 A
379 866 419 921 12.
432 873 466 920 H.
486 899 519 907 -
536 872 613 920 Brev.
632 886 679 919 ms.
692 870 861 919 Trebonense
879 884 948 918 saec.
968 866 1008 917 15.
1038 867 1100 917 Cod.
1112 868 1225 931 Pragen.
1238 869 1275 918 VI
1287 871 1309 918 F
1323 867 1354 919 12
1365 873 1392 921 b.
1404 874 1439 923 H.

258 965 294 975 -
308 941 386 989 Brev.
401 956 448 988 ms.
460 939 593 1003 Pragense
612 954 679 988 saec.
699 935 739 986 15.
767 937 829 986 Cod.
849 937 876 986 S.
890 937 1011 987 Danielis
1026 934 1163 986 167.1.-
1176 938 1251 985 Brev.
1265 954 1312 986 ms.
1326 938 1440 990 Carmeli

255 1010 288 1057 in
307 1008 441 1059 Frmstadt
458 1022 526 1057 saec.
547 1004 586 1059 15.
622 1007 686 1056 uod.
704 1002 942 1055 Wratislavicn.'1.
962 1005 984 1055 Ο
1003 1002 1044 1054 72.
1063 1005 1096 1053 Κ.
1113 1030 1149 1037 -
1165 1006 1244 1055 Brev.
1262 1022 1310 1054 ms.
1328 1009 1440 1059 Nurcm-

258 1077 389 1141 bergense
407 1072 559 1125 anni1412.
594 1075 657 1125 Cod.
677 1076 735 1123 ivit.
753 1074 899 1124 Nurember
918 1090 958 1123 en.
976 1069 1086 1123 V1143.
1104 1074 1135 1121 L.

333 1142 354 1205 1,
377 1141 389 1192 1
408 1143 477 1193 Ecce
495 1159 566 1193 nunc
582 1148 685 1207 tempus
703 1143 787 1192 EHL.
805 1167 840 1175 -
860 1139 881 1201 l,
899 1090 918 1190 2
934 1143 1068 1192 Medicina
1085 1141 1117 1190 Ε.
1135 1167 1170 1174 -
1189 1139 1211 1201 l,
1229 1138 1246 1190 4
1265 1157 1309 1191 ore
1326 1142 1368 1206 (st.
1382 1161 1439 1195 ver·

256 1211 313 1275 bis)
329 1212 362 1263 Ε.
380 1240 414 1249 -
431 1208 460 1270 2,
486 1210 499 1260 1
519 1214 578 1276 pius
597 1217 624 1261 et
640 1212 671 1260 A.
691 1239 722 1247 —
742 1208 766 1268 2.
789 1207 805 1259 2
823 1206 918 1275 [Nobis
936 1207 979 1276 pe]
998 1211 1089 1274 percit.
1108 1211 1139 1258 L.
1158 1238 1192 1245 —
1212 1205 1237 1270 3,
1258 1207 1269 1258 1
1290 1213 1375 1262 Nunc.
1392 1215 1438 1275 IL,

256 1282 333 1331 Huic
349 1282 371 1331 F
391 1307 426 1314 -
444 1277 469 1341 3,
488 1275 505 1329 3
523 1280 631 1330 Cunctis
651 1295 684 1329 ue
701 1280 818 1329 EFGIL.
837 1304 870 1312 -
888 1275 918 1337 3,
942 1276 959 1328 4
976 1279 1131 1328 Placeamus
1149 1279 1192 1327 ΕΙ.
1210 1304 1244 1313 -
1264 1275 1289 1338 4,
1308 1276 1324 1328 2
1341 1282 1440 1346 Purget

256 1350 292 1399 D.
312 1376 346 1383 -
363 1347 388 1410 4,
406 1344 423 1397 3
441 1364 472 1398 ac
489 1350 520 1399 Ε.
539 1375 574 1383 -
591 1345 615 1406 5,
633 1297 651 1396 2
669 1348 706 1396 Et
723 1350 780 1397 eius
798 1347 830 1395 A.
848 1373 882 1380 —-
903 1344 933 1407 5,
957 1345 1045 1408 4Qui
1063 1362 1091 1396 es
1109 1348 1195 1395 trinus
1214 1352 1241 1397 et
1257 1363 1325 1396 unus
1343 1350 1389 1413 L.;
1413 1357 1441 1400 et

253 1418 327 1467 fehlt
348 1418 381 1467 Ε.
406 1442 438 1450 -
461 1417 493 1466 In
511 1418 581 1467 1¹-1
604 1418 640 1465 ist
662 1416 709 1465 der
727 1418 849 1480 Hymnus
873 1431 921 1464 zur
938 1410 1066 1465 Nocitura
1086 1418 1114 1464 in
1138 1415 1184 1465 der
1207 1415 1359 1466 Fastenzeit
1379 1434 1439 1468 ver·

256 1486 370 1537 wendet.
387 1511 423 1520 -
446 1486 490 1535 Da
507 1486 560 1535 alte
581 1484 694 1544 Qnellen
717 1485 759 1533 fiir
776 1484 869 1533 diesen
886 1485 1009 1547 Hymnus
1032 1484 1085 1533 fast
1101 1498 1169 1549 ganz
1186 1499 1324 1549 versagen,
1342 1487 1439 1537 mufrte

254 1555 303 1674 iffh
323 1555 374 1673 J5‘l9
407 1571 434 1605 re
457 1553 656 1617 herbeiaiehen;
682 1554 800 1602 einzelne
820 1551 966 1617 gedruckte
987 1554 1111 1603 Breviere
1134 1554 1170 1600 im
1188 1553 1293 1617 Repert.
1312 1554 1439 1618 Hymnol.

284 1639 305 1672 r.
393 1660 399 1672 .

658 1839 703 1894 69.
731 1839 767 1893 In
785 1837 1034 1914 Quaeragesimc.

260 2019 289 2077 1.
324 2017 438 2086 Summe
461 2017 588 2075 salvator
608 2015 733 2073 omnium
873 2017 903 2075 4.
937 2015 998 2073 Nos
1020 2015 1074 2072 filii
1096 2016 1235 2073 ecclesiae

323 2103 458 2161 Indultor
479 2109 508 2159 et
528 2102 733 2174 peccaminum,
939 2102 1000 2158 Tuo
1024 2101 1167 2173 redempti
1190 2101 1330 2173 sangnine

325 2190 400 2264 Iesu,
425 2187 646 2260 quadragenarii
938 2187 1018 2243 Voce
1040 2202 1193 2257 precamur
1218 2186 1328 2262 humili,

326 2272 517 2331 Consecrator
536 2272 645 2345 ieiunii,
939 2271 984 2328 Ne
1005 2288 1157 2343 pereamus
1181 2271 1290 2329 miseri.

267 2444 294 2502 2.
327 2443 374 2500 Da
396 2445 521 2516 pectoris
545 2442 724 2517 munditiam,
876 2445 905 2501 5.
941 2441 1018 2500 Sana
1039 2442 1223 2513 languentum
1246 2444 1374 2520 vulnera,

326 2528 463 2602 Corporis
486 2528 690 2604 castimoniam,
939 2527 1013 2585 Dum
1037 2527 1250 2598 restringuntur
1272 2544 1405 2606 corpora,

324 2613 368 2671 Ne
391 2615 486 2672 valeat
507 2615 668 2685 irrumpere
938 2612 1012 2670 Dele
1034 2614 1113 2670 virus
1136 2613 1264 2670 malitiae

327 2698 486 2772 Corruptor
507 2700 674 2775 pudicitiae,
937 2698 1056 2756 Medela
1077 2698 1281 2772 parcimoniae,

272 2868 298 2927 3.
328 2870 380 2942 Qui
402 2871 612 2944 protoplastum
635 2871 725 2930 vetito
877 2874 905 2931 6.
941 2869 1021 2928 Sicut
1044 2869 1073 2926 in
1095 2869 1276 2942 sterquilinio

326 2955 451 3013 illiciens
475 2955 570 3013 edulio
939 2955 1129 3026 Benignitatis
1152 2956 1234 3012 oculo

327 3040 359 3098 In
382 3041 466 3099 huius
489 3043 565 3099 vitae
587 3042 729 3100 torridum
940 3041 1081 3113 Dignatus
1102 3056 1132 3097 es
1155 3040 1281 3100 revisere

327 3125 494 3185 Detruserat
518 3128 701 3198 ergastulum.
939 3125 996 3183 Job
1018 3125 1047 3183 in
1071 3123 1171 3183 fovilla
1194 3133 1223 3183 et
1245 3125 1349 3189 cinere.

569 3301 596 3358 7.
632 3300 761 3372 Praesta,
785 3302 877 3370 pater,
901 3313 954 3368 per
976 3296 1076 3368 filium,

630 3385 752 3442 Praesta
780 3398 833 3455 per
855 3384 962 3440 almum
984 3382 1127 3457 spiritum,

631 3471 702 3528 Cum
727 3468 772 3525 his
793 3483 845 3540 per
869 3483 971 3537 aevum
996 3468 1105 3539 triplici

629 3556 710 3614 Unus
734 3554 811 3612 Deus
834 3553 1012 3626 cognomine.

331 3718 423 3783 Hymn.
449 3739 498 3772 ms.
516 3724 698 3773 Wintoniense
716 3737 784 3772 saec.
804 3719 844 3772 11.
880 3723 945 3773 eod.
964 3724 1050 3788 Capit.
1070 3724 1226 3774 Dunelmen.
1243 3726 1266 3774 Β
1283 3725 1325 3774 ΙΠ
1342 3719 1390 3773 32·
1402 3751 1435 3758 -

276 3777 308 3832 zu
323 3783 342 3846 1,
357 3785 373 3838 3
390 3805 428 3855 sq.
447 3793 493 3842 cfr.
513 3787 593 3857 „Iesu
611 3788 845 3855 quadrupenariue
861 3787 865 3852 Ι
880 3787 998 3842 Dicator
1015 3788 1210 3842 abstinentiae“
1223 3793 1278 3855 (Nr.
1292 3788 1339 3854 583
1358 3794 1434 3843 eben·

276 3845 326 3900 lori
338 3858 388 3906 und
405 3859 434 3910 in
451 3861 511 3912 Nrr.
525 3857 558 3911 56
575 3860 629 3909 und
647 3857 679 3910 57
694 3859 899 3925 „parcimonia“‚
918 3862 968 3909 wie
981 3860 1038 3910 hier
1050 3858 1074 3921 5,
1092 3858 1126 3923 4).
1139 3886 1173 3896 -
1187 3860 1257 3910 Titel
1269 3876 1332 3910 nur:
1353 3862 1436 3926 „Item

274 3921 377 3987 ymnus&
395 3931 459 3981 aber
475 3935 552 3979 unter
569 3929 620 3978 den
636 3928 857 3992 Fastenhymuen.

633 4213 675 4268 to.
704 4213 739 4267 ln
757 4212 906 4269 Passieno
924 4210 1059 4267 Domini.

693 4319 740 4368 Ad
766 4315 788 4370 1.
811 4318 989 4382 Vesperas.
1085 4371 1087 4374 ,

284 4457 306 4520 l·
331 4467 386 4529 Rex
409 4473 574 4544 angelornm
595 4481 779 4551 praepotens,
872 4477 901 4533 2.
935 4474 1057 4546 Largire
1079 4473 1161 4531 nobis
1183 4489 1324 4546 prospera

331 4554 378 4626 Qui
404 4565 507 4631 sponte
528 4575 639 4631 pauper
662 4557 755 4617 factus
777 4576 816 4638 es,
938 4560 1038 4619 Crucis
1061 4575 1143 4617 sacra
1165 4559 1316 4617 sollemnia

331 4635 367 4698 Ut
386 4658 437 4700 nos
459 4659 512 4715 per
533 4659 633 4701 aevum
658 4645 762 4702 divites
937 4645 1097 4718 Gratesque
1120 4646 1158 4703 da
1179 4646 1346 4717 persolvere

332 4721 361 4782 In
381 4727 479 4785 aethre
501 4735 594 4787 tecum
617 4746 749 4806 poneres,
935 4731 1060 4803 Magnae
1081 4738 1148 4789 tuae
1171 4731 1350 4790 clementiae.
