3642 5550
327 646 389 711 338
634 647 699 699 Pars
717 648 752 699 11.
789 646 942 714 Hymuodia
959 648 1202 700 Hiberna-Celtica.

349 825 379 884 3.
413 819 554 882 Caelestis
576 822 657 897 virgo

452 909 564 968 intrans
587 925 651 967 oum
672 909 797 967 melodia

410 994 503 1054 Obvia
524 1012 629 1068 sponso

453 1096 517 1139 cum
539 1082 632 1139 electo
653 1081 727 1140 oleo.

344 1286 375 1347 4.
409 1283 505 1359 Digna
526 1301 678 1357 precamur

452 1387 506 1444 per
527 1372 588 1429 eius
610 1372 726 1438 auxilia,

411 1458 452 1518 Ut
473 1473 634 1515 mereamur

450 1560 554 1616 magna
574 1543 728 1603 mirabilia.

345 1751 373 1806 5.
407 1746 510 1806 Electa
533 1745 587 1805 fuit

452 1834 513 1891 Deo
537 1840 564 1889 et
587 1832 759 1906 hominibus,

408 1920 523 1979 Christo
546 1919 678 1977 adhaesit

451 2005 534 2063 aunis
555 2005 585 2063 in
608 2004 764 2063 nubilibus.

344 2212 372 2271 6.
407 2207 528 2269 Femina
549 2209 610 2283 fido

447 2295 525 2354 miro
549 2293 639 2368 fulget
662 2296 771 2369 favore,

406 2381 521 2440 Caelum
545 2381 721 2458 conscendit,

447 2468 498 2525 sed
521 2465 584 2524 cum
607 2483 709 2539 magno
731 2466 838 2527 labore.

342 2690 370 2748 7.
405 2684 509 2750 Gratia
531 2689 638 2747 Christi

447 2774 554 2847 quievit
577 2775 749 2849 gratissima,

405 2860 507 2934 Unica,
531 2877 602 2919 coru

447 2947 530 3020 facto
551 2944 728 3010 fidelissima.

340 3154 370 3212 8.
403 3149 584 3212 Humilitatis

447 3239 595 3311 exemplar
617 3240 778 3315 exstiterat,

403 3322 480 3381 Hinc
503 3325 631 3383 exaltata

447 3410 518 3467 caeli
537 3409 632 3482 proto
654 3415 776 3483 poterat.

339 3615 369 3676 9.
403 3609 626 3672 Iuvencularum

446 3706 509 3756 crat
530 3717 630 3758 norma
651 3699 787 3776 numeris,

402 3783 429 3840 A
452 3784 514 3842 Deo
538 3781 618 3856 dcta,

445 3872 526 3928 casta
548 3877 634 3943 atque
655 3871 779 3932 humilis

320 4057 368 4116 lo.
402 4054 525 4116 Kastem
549 4056 674 4114 custodit

444 4157 557 4199 carnem
582 4159 677 4200 coram
700 4143 818 4216 angelis,

402 4228 507 4299 Fulget
529 4227 558 4284 iu
580 4227 655 4286 cibis

444 4313 535 4385 stolis,
560 4313 656 4382 oloris,
681 4314 823 4374 candidis.

318 4500 367 4560 11.
401 4497 535 4558 Lucerna
558 4501 636 4558 clara

444 4602 498 4643 nec
521 4586 577 4644 sita
600 4585 653 4644 sub
676 4588 771 4646 modio

402 4671 474 4729 Erat
497 4678 613 4730 ostensa

446 4773 509 4815 cum
534 4774 655 4818 accenso
676 4758 742 4818 olio.

943 825 993 887 12.
1027 822 1139 883 Mariae
1162 822 1263 882 matris

1070 911 1162 983 imago
1184 909 1327 968 mirabilis

1026 998 1108 1057 Haec
1129 996 1211 1070 virgo
1232 996 1323 1073 facto,

1070 1081 1141 1161 alta,
1164 1080 1328 1143 ineffabilis.

904 1246 905 1251 η
940 1287 990 1347 13.
1025 1284 1176 1345 Neminem
1200 1285 1294 1361 laesit,

1060 1372 1170 1445 pressit
1192 1378 1294 1431 cuncta
1316 1372 1437 1447 caduca,

1023 1458 1118 1515 Fulsit
1140 1457 1245 1518 virtute

1066 1544 1219 1616 iuventute,
1241 1542 1352 1605 adulta.

941 1748 990 1807 14.
1025 1744 1050 1806 θ
1073 1754 1173 1806 sancta
1194 1764 1300 1821 sponsa

1067 1835 1168 1892 summi
1191 1833 1263 1905 legis
1285 1834 1397 1905 latoris

1027 1920 1181 1991 Compleus
1204 1915 1332 1995 perfecta

1067 2008 1221 2077 praecepta
1242 2005 1407 2064 salvatoris.

937 2228 987 2288 15.
1022 2225 1127 2286 Patria
1151 2227 1188 2283 dc
1210 2244 1262 2284 sua

1062 2313 1100 2370 ad
1123 2313 1275 2385 peregrina
1298 2331 1432 2388 pergens,

1020 2399 1136 2456 Havcns
1159 2399 1188 2456 in
1210 2415 1304 2475 cruce,

1064 2483 1127 2542 tuce
1150 2484 1186 2541 de
1206 2485 1271 2541 luce
1294 2485 1412 2548 ardens.

845 2673 851 2690 ”
939 2693 989 2751 16.
1024 2686 1111 2768 Quasi
1134 2688 1246 2748 advena

1065 2774 1164 2834 mundi
1186 2792 1255 2834 cura
1277 2777 1381 2850 ceruit,

1022 2862 1139 2920 Domini
1161 2857 1255 2936 dana

1065 2946 1123 3006 fide
1143 2947 1232 3022 firooa
1255 2944 1362 3016 floruit.

937 3154 986 3216 17.
1019 3152 1135 3226 Regina
1156 3159 1266 3229 sancta,

1059 3240 1121 3297 sine
1143 3238 1209 3298 labe
1231 3254 1414 3314 permanens,

1019 3326 1096 3384 Pura
1117 3324 1214 3400 puelia

1060 3415 1204 3484 tamquam
1225 3403 1310 3469 stella
1333 3408 1460 3468 radiens.

935 3617 986 3678 18.
1020 3613 1144 3675 Sanctae
1166 3616 1327 3674 Monennae

1062 3700 1196 3759 laudibus
1218 3698 1388 3758 sonantibus

1020 3786 1161 3858 clangant
1181 3800 1298 3862 organa,

1062 3873 1157 3930 choris
1176 3869 1380 3932 exaltantibus.

933 4060 983 4119 19.
1018 4055 1169 4130 Templum
1192 4053 1354 4129 perfectum

1061 4141 1221 4201 construxit
1242 4140 1272 4198 in
1294 4146 1424 4215 pectore,

1017 4228 1104 4287 Casta
1125 4229 1155 4284 in
1176 4223 1244 4287 sede

1059 4329 1122 4371 cum
1144 4316 1260 4387 regest
1283 4319 1405 4371 rectore.

934 4504 985 4562 20.
1019 4499 1099 4561 Uere
1120 4503 1271 4574 permanet

1061 4587 1123 4644 sine
1145 4586 1205 4644 ulla
1226 4585 1339 4644 maculs

1019 4674 1099 4730 Inter
1121 4676 1289 4730 sanctorum

1060 4758 1214 4832 anglorum
1235 4755 1383 4819 miracula.
