3642 5550
574 670 583 689 ’
602 682 632 729 Β.
660 680 761 745 Hymni
780 680 812 730 de
829 681 958 746 Tempore
976 683 1088 744 Proprii.

463 854 492 912 3.
526 851 610 909 Hanc
631 858 662 909 tu
685 850 800 910 famulis
823 868 901 911 more
923 853 1045 926 benigno

526 939 631 995 Aulam
655 937 787 1014 dederaS,
811 955 866 1010 qua
887 938 942 996 tibi
964 946 1032 999 vota

527 1023 584 1081 Sua
605 1023 760 1080 reddentes
782 1030 1002 1098 promereantur

526 1108 607 1166 Laxo
629 1108 740 1166 veniam
766 1109 885 1167 crimine
908 1116 1020 1171 cuncto.

461 1280 490 1339 4.
524 1277 594 1335 Istis
617 1277 738 1335 humiles
760 1278 812 1336 snb
835 1279 1007 1352 tegumentis

525 1363 628 1421 Plebes
651 1362 746 1421 reficis
770 1380 892 1436 corpore
915 1371 1014 1422 sancto

525 1447 644 1506 Necnon
667 1449 777 1507 salubri
799 1449 946 1523 sanguinis
969 1450 1083 1526 haustu,

527 1533 622 1593 Vitam
645 1535 762 1607 capiant
784 1534 826 1592 sic
848 1541 880 1594 ut
902 1551 1060 1594 amoenam.

460 1706 488 1764 5.
524 1703 587 1774 His,
611 1709 641 1760 te
662 1704 794 1780 petimus,
818 1721 870 1762 nos
892 1720 1003 1777 quoquc
1025 1705 1110 1765 tectis

524 1787 638 1847 Sentire
659 1796 737 1846 tuam
760 1805 815 1862 quo
837 1790 975 1861 pietatem

522 1876 598 1935 Fore
619 1881 799 1946 praesentem
822 1891 937 1949 semper
958 1876 988 1931 in
1009 1875 1065 1933 isto

523 1960 644 2031 Templo
667 1958 765 2017 famuli
791 1961 833 2017 sic
854 1961 1012 2034 valeamus,

459 2132 488 2190 6.
523 2129 655 2190 Clemens
679 2130 793 2188 bonitas
815 2138 846 2188 ut
868 2137 918 2189 tua
939 2135 1052 2188 nostras

522 2215 643 2274 Placata
667 2231 768 2289 preces
790 2216 890 2274 audiat
911 2223 998 2288 atque

523 2300 645 2357 Veniam
669 2301 751 2358 nobis
774 2301 903 2374 porrigat
925 2300 1016 2374 illam,

522 2386 599 2457 Quae
622 2403 673 2444 nos
695 2386 819 2458 patriam
842 2388 931 2447 ducat
951 2386 981 2442 in
1003 2385 1104 2458 altam,

460 2557 487 2617 7.
522 2556 556 2613 In
578 2572 635 2628 qua
656 2556 709 2615 tibi
731 2556 769 2612 sit
791 2555 883 2629 gloria
905 2572 1020 2633 perpes,

521 2640 598 2699 Laus
621 2646 707 2712 atque
730 2642 827 2713 decuS,
851 2641 900 2713 qui
923 2642 1001 2699 Dens
1022 2657 1095 2698 unus

521 2726 580 2785 Per
602 2734 705 2785 cuncta
726 2743 854 2799 maneae,
878 2733 981 2786 cuncta
1002 2726 1175 2802 gubernans,

521 2812 628 2872 Vivens
651 2812 790 2871 Dominus
813 2813 928 2870 saecula
950 2813 1049 2872 saecli.

317 2997 399 3062 Trop·
426 3003 453 3047 et
475 3000 573 3062 Hymn.
601 3014 649 3048 ms.
672 2997 857 3049 Rhenoviense
880 2999 902 3061 (l
927 2996 1110 3063 Sangallense)
1130 2997 1198 3050 saec.
1224 2998 1264 3049 11.
1288 3003 1325 3050 in.
1365 3000 1431 3051 Cod.

263 3067 371 3116 'uricem
384 3065 469 3117 Rhen.
486 3064 528 3117 97.
547 3092 581 3101 -
599 3064 623 3126 2,
640 3065 825 3132 4Nostroque.
844 3096 878 3105 -
895 3067 920 3131 4,
938 3068 1036 3118 4sicut
1048 3083 1192 3118 amoenam.
1204 3095 1239 3102 —
1251 3067 1274 3130 5,
1293 3067 1430 3119 4famulis

263 3137 293 3185 ic.
313 3160 349 3169 -
361 3136 414 3185 Die
426 3135 510 3185 Casur
526 3137 562 3185 ist
574 3140 637 3186 stete
649 3136 717 3185 nach
730 3136 776 3186 der
789 3134 812 3185 5.
826 3136 900 3188 Silbe
912 3137 1088 3202 eingehalten.
1101 3163 1131 3172 -
1144 3137 1196 3187 Cir.
1208 3139 1329 3199 warner,
1348 3154 1374 3202 p.
1386 3133 1429 3188 40.

602 3456 664 3513 106.
690 3457 726 3510 ln
744 3456 944 3512 Dedicatione
963 3457 1088 3526 Templi.

455 3650 484 3718 1.
521 3647 631 3707 Cuncta
653 3649 702 3722 qui
724 3655 795 3706 nutu
817 3650 899 3723 regit,
924 3650 1002 3708 orbis
1025 3650 1169 3723 conditor,

519 3734 675 3793 Moderans
698 3734 775 3791 vices
798 3735 916 3793 volubili
940 3742 1069 3807 tempore

519 3821 608 3878 Aram
630 3820 801 3878 sacrandam
820 3821 946 3892 principi
969 3821 1149 3879 sanctissimo
1183 3868 1186 3877 .

519 3904 659 3963 Sanxerat
681 3905 749 3963 olim
771 3906 938 3978 triumphali
960 3906 1062 3980 gloria.

1072 3992 1082 4017 θ

454 4093 484 4152 2.
519 4093 672 4151 Procemm
695 4110 829 4169 summus,
854 4102 1030 4166 propagator
1052 4094 1185 4167 optimus,

519 4179 661 4252 Salomon,
684 4179 765 4251 pacis
788 4179 925 4252 templum
949 4180 1010 4237 Deo
1033 4180 1148 4237 dedicat

520 4263 633 4322 Gaudio
656 4281 774 4334 summo,
794 4264 930 4338 largitate
952 4265 1049 4336 patria

520 4347 607 4407 Sacro
631 4349 743 4408 dierum
766 4349 809 4406 bis
833 4356 952 4422 septeno
975 4365 1102 4413 numero,

456 4521 484 4579 3.
517 4517 597 4591 Ergo
619 4519 744 4580 votivum
767 4521 948 4579 modulemur
970 4521 1122 4591 canticum,

517 4603 635 4661 Festum
659 4605 755 4663 devoti
779 4606 954 4663 celebremus
976 4605 1137 4677 mysticum,

518 4687 613 4748 Corde
632 4689 746 4760 sinceri,
770 4693 891 4749 caritate
914 4689 1030 4764 fervidi,

516 4775 675 4848 Augustam
698 4778 795 4836 sedem
818 4785 850 4835 ut
872 4777 1014 4850 possimus
1036 4775 1186 4838 scandere.
