3642 5550
724 613 745 663 Ι.
772 613 813 663 De
830 614 887 664 Deo
905 618 932 664 et
949 614 980 663 de
998 616 1090 664 Beata.
1437 613 1500 677 273

318 784 371 844 28.
403 784 553 843 Adversus
575 800 638 842 eum

449 869 540 928 initur
562 871 723 944 consilium,

404 955 459 1028 Qui
474 958 571 1033 magni
595 956 689 1014 dictus

447 1040 560 1099 consilii
582 1049 626 1102 est
648 1043 775 1115 angelus.

318 1234 370 1293 29.
403 1231 555 1290 Accedunt
577 1231 604 1289 ei
780 1296 804 1311 Α

446 1322 479 1375 ut
499 1317 606 1376 latroni
629 1333 691 1376 cum
713 1319 818 1393 gladiis

403 1402 509 1461 Furem
531 1403 657 1461 aeternis

445 1489 589 1548 tradituro
610 1489 746 1552 aestibus.

318 1679 368 1736 30.
405 1677 534 1737 Tandem
556 1678 701 1737 humano·

450 1764 577 1822 traditur
597 1765 714 1842 indicio,

405 1849 525 1908 Mortali
546 1866 615 1922 rege

450 1935 602 1994 damnatur
624 1942 789 2010 perpetuus.
816 1990 826 2011 ⁸,

319 2127 370 2185 31.
406 2124 494 2184 Cruci
515 2123 645 2183 confixus

448 2212 545 2284 polum
566 2210 639 2268 mire
661 2212 786 2270 concutit

403 2296 570 2370 Lumenque
592 2296 661 2356 solis

448 2383 542 2441 tribus
564 2382 697 2441 obtendit
717 2383 807 2447 horis.

320 2592 372 2654 32.
408 2588 484 2648 Saxa
507 2595 687 2663 rumpuntur,

449 2677 543 2735 velum
565 2676 707 2735 scinditur
730 2676 841 2749 templi,

408 2762 473 2821 vivi
495 2767 669 2837 consurgunt

450 2849 486 2907 de
509 2849 650 2922 sepulcris
672 2850 787 2913 mortui.

320 3044 372 3102 33.
408 3041 561 3100 Corrosum
582 3042 666 3101 nodis

448 3126 530 3186 annis
553 3126 614 3186 fere
636 3127 752 3187 milibus

406 3212 538 3273 Extricat
560 3213 653 3272 saevis

447 3297 534 3356 inferi
557 3297 695 3358 feralibus

791 3481 809 3520 *

315 3677 368 3739 40.
406 3679 498 3753 Rogo,
522 3693 605 3749 quam
628 3677 716 3735 tantis
729 3741 754 3756 Α

447 3762 610 3835 talibusque
640 3763 767 3821 donariis

405 3848 503 3907 Vicem
525 3849 665 3922 condigne

448 3950 598 4007 possumus
622 3932 805 4007 rependere?

938 789 987 847 34.
1023 782 1129 865 [Tunc]
1152 787 1391 860 protoplaustum,

1068 867 1246 951 [lacri]mosa
1267 872 1361 930 suboli

1022 959 1147 1018 Abiecta
1169 957 1237 1016 mali

1066 1048 1157 1102 morte
1178 1059 1266 1103 saeva
1286 1044 1401 1120 ultrice,

936 1237 987 1295 35.
1021 1234 1167 1305 Quemque
1189 1232 1337 1306 antiquum

1063 1318 1200 1392 paradiso
1221 1317 1344 1377 incolam

1022 1405 1150 1463 Recursu
1171 1420 1223 1462 suo

1063 1490 1221 1548 clementer
1244 1490 1380 1550 restituit.

937 1682 989 1741 33.
1021 1678 1163 1737 Exaltans
1186 1683 1274 1751 caput

1064 1764 1190 1823 universi
1211 1764 1341 1838 corporis

1023 1853 1057 1910 In
1080 1850 1210 1908 trinitate

1067 1936 1174 1996 locavit
1195 1937 1357 1997 ecclesiam.

936 2127 986 2186 37.
1019 2127 1054 2184 In
1075 2124 1131 2183 hoc
1152 2125 1272 2183 caelitus

1062 2210 1143 2268 iubet
1162 2211 1434 2290 portasfiprincipes

1022 2295 1095 2371 Regi
1124 2311 1188 2353 cum
1210 2296 1295 2355 sociis
1389 2323 1391 2325 ·

1065 2382 1227 2441 aeternales
1249 2381 1386 2456 pandere,

939 2592 989 2651 38.
1025 2590 1179 2647 Errantem
1205 2587 1332 2664 propriis

1067 2674 1190 2733 evehens
1212 2674 1396 2734 centesimam

1023 2762 1163 2834 Supernis
1185 2775 1268 2821 ovem

1064 2847 1170 2906 unieris
1194 2847 1328 2908 ovilibus.

939 3045 989 3104 39.
1025 3042 1113 3113 Quem
1136 3044 1336 3112 exspectamus

1066 3124 1233 3185 adfuturum
1254 3126 1379 3185 iudicem

1023 3213 1132 3271 Iustum
1154 3211 1256 3285 cuique

1064 3314 1137 3371 opus
1158 3314 1240 3356 suum
1263 3296 1397 3359 reddere.

1005 3479 1023 3518 *

934 3677 986 3737 41.
1018 3675 1094 3749 Quid
1117 3682 1176 3734 tam
1196 3674 1332 3732 mortales

1064 3765 1205 3819 tentamus
1227 3760 1375 3833 micrologi

1020 3848 1158 3918 Narrare,
1181 3845 1272 3919 quivit

1063 3948 1137 4005 quae
1158 3932 1254 3990 nullus
1276 3931 1412 3990 edicere?

626 4143 679 4202 42.
713 4140 810 4198 Solum
832 4154 947 4197 oramus

755 4224 809 4284 hoc
830 4224 964 4296 idemque
984 4224 1154 4283 maximum:

712 4310 821 4389 Nostri,
845 4316 971 4381 aeterne,

755 4396 901 4467 miserere,
923 4394 1054 4455 Domine.

387 4602 531 4668 Antiphon.
555 4616 603 4651 ms.
627 4601 810 4652 Benchorense
834 4602 898 4649 anni
921 4596 1066 4650 680-691.
1102 4596 1167 4651 Cod.
1185 4601 1354 4651 Ambrosian.
1373 4601 1394 4650 O
1413 4597 1429 4649 5
1451 4601 1497 4650 inf.

317 4699 351 4708 -
371 4668 401 4734 1,
423 4668 437 4721 l
462 4672 629 4722 Praecamur.
646 4696 681 4703 -
699 4667 729 4732 2,
753 4666 770 4720 3
794 4685 833 4735 sq.
851 4671 903 4719 Die
927 4671 957 4718 in
979 4669 1026 4718 der
1043 4670 1092 4718 Hs.
1115 4669 1254 4720 fehlenden
1271 4670 1365 4719 Worte
1388 4671 1498 4734 ergdnzt

319 4743 433 4793 Warrsn
449 4738 477 4804 (l.
496 4755 519 4789 c.
531 4741 566 4801 Π,
586 4757 610 4806 p.
623 4736 650 4805 5)
660 4738 755 4790 durch:
774 4739 900 4806 „Trinum
911 4739 941 4787 in
952 4738 1038 4788 tribus
1053 4734 1058 4803 Ι
1073 4737 1234 4789 adorandum
1247 4733 1393 4803 personis“.
1421 4738 1496 4789 Nach

370 4829 487 4884 Blumo,
500 4829 620 4874 Thesauri
633 4828 799 4885 hymnologici
811 4827 984 4883 Hymnsrium.
1310 4821 1343 4874 18
