3642 5550
320 610 383 673 236
588 608 655 659 Pars
672 610 694 658 Ι.
731 608 830 672 Hymni
848 606 1028 672 antiquissimi
1047 620 1114 655 saec.
1132 603 1246 656 V.-XI.

571 776 633 831 205.
661 775 696 829 In
715 790 737 831 s.
756 773 891 832 Valerlol
908 772 1132 829 homericensls
1149 773 1248 829 llraru.

324 955 352 1015 1.
386 953 481 1011 Decus
505 958 667 1010 sanctorum
691 952 786 1010 nobile
939 955 968 1011 5.
1003 950 1076 1009 Nam
1100 948 1168 1009 fidei
1191 950 1351 1008 constantia

386 1038 425 1096 Et
447 1037 531 1095 iubar
554 1035 666 1112 fulgens
688 1038 850 1111 splendide,
1004 1036 1180 1095 Daemonam
1204 1036 1292 1094 vertit
1316 1035 1441 1112 delubra,

386 1122 503 1181 Festino
525 1123 578 1181 tibi
602 1122 729 1181 carmine
1007 1121 1139 1181 Cadaver
1161 1128 1190 1179 et
1211 1120 1341 1179 exanime

389 1209 541 1281 Pangimns
564 1209 664 1267 landes
688 1208 825 1268 celebres.
1008 1209 1093 1267 Vitae
1115 1210 1259 1266 restaurat
1279 1206 1429 1279 pristinae.

323 1382 353 1440 2.
387 1379 450 1436 Hae
474 1378 520 1435 die
543 1379 746 1454 sacratissima,
940 1382 970 1439 6.
1004 1378 1092 1438 Cuius
1114 1378 1191 1436 celsa
1213 1377 1353 1436 miracula

385 1465 465 1523 Luce
487 1462 605 1537 perfusa
628 1464 724 1541 rutila,
1005 1465 1061 1522 Per
1082 1463 1162 1521 orbis
1183 1464 1294 1536 pollent
1317 1462 1433 1520 climata

386 1552 448 1623 Qua
471 1551 557 1624 digne
579 1550 652 1608 caeli
675 1550 780 1623 gandia
1003 1549 1110 1609 Salutis
1132 1549 1323 1607 medicamina

387 1635 520 1707 Adeptus
543 1641 587 1693 est
610 1633 716 1706 felicia,
1002 1634 1102 1694 Omnis
1123 1631 1244 1693 ferendo
1267 1633 1401 1707 plurima.

323 1808 353 1868 3.
386 1806 433 1865 Ad
456 1806 532 1864 laeta
554 1806 607 1864 ivit
628 1805 753 1884 inolitas,
938 1808 967 1871 7.
1001 1807 1075 1878 Quin
1097 1807 1157 1865 eius
1180 1822 1263 1864 sacer
1285 1806 1410 1863 tumulus

387 1891 532 1949 Virtutum
555 1892 657 1964 plenus
680 1893 810 1968 caelitus,
1002 1892 1096 1953 claris
1118 1892 1206 1950 micat
1229 1890 1394 1963 virtutibus,

387 1977 545 2051 Valeriana,
567 1978 670 2036 eximie
1002 1978 1140 2036 Eiusdem
1162 1982 1242 2036 tactu
1265 1976 1396 2050 languidi

387 2062 511 2120 Caelesti
533 2062 641 2121 micans
664 2064 807 2137 lampade.
1002 2064 1105 2122 Fortes
1127 2062 1200 2121 finnt
1222 2069 1251 2120 et
1274 2062 1374 2122 validi.

322 2236 351 2293 4.
391 2233 444 2303 Qui
468 2233 549 2290 caeni
571 2234 680 2307 sprevit
702 2233 807 2293 florida
939 2236 967 2296 8.
1002 2237 1062 2294 Iam
1086 2234 1178 2306 huius,
1203 2234 1326 2309 Christe,
1351 2248 1468 2292 munere

387 2318 475 2377 Sacra
498 2326 612 2377 secutus
637 2320 780 2395 dogmata,
1002 2322 1157 2393 Culpamm
1179 2326 1259 2393 gesta
1282 2320 1371 2396 dilue,

387 2405 538 2477 Signomm
561 2401 652 2478 fulget
675 2407 768 2478 gratia
1002 2408 1129 2465 Fautore
1151 2412 1180 2462 te
1203 2405 1318 2478 egregio

385 2490 518 2547 Membra
540 2506 643 2548 sanans
667 2491 783 2552 debilia.
1004 2493 1093 2552 Sacro
1114 2489 1244 2549 fruamur
1267 2490 1381 2550 merito.

679 2664 709 2724 9.
743 2662 820 2721 Laus
842 2662 965 2735 genitori
988 2663 1112 2723 Domino

740 2747 784 2807 Sit
806 2763 921 2821 semper
942 2755 1029 2822 atque
1051 2747 1111 2808 filio

741 2835 782 2892 Et
804 2832 913 2893 flamini
933 2835 1112 2893 sanctissimo

740 2920 842 2979 Honor
864 2925 893 2978 et
915 2920 1057 2984 iubilatio.
1514 2893 1534 2942 ι

390 3107 430 3155 Ι)0
455 3106 549 3166 Levis,
573 3107 709 3157 Anecdota
735 3122 823 3166 saera,
849 3124 874 3173 p.
899 3104 948 3158 173
972 3124 1011 3172 sq.
1058 3109 1110 3157 Mit
1132 3107 1179 3158 der
1201 3103 1384 3172 Bemerkung:
1412 3104 1499 3169 „nobis

322 3173 518 3238 perhumaniter
535 3178 739 3225 communicavit
757 3176 839 3225 lllms.
859 3180 885 3224 et
902 3177 974 3225 Rma.
993 3178 1021 3226 Ρ.
1042 3176 1114 3227 Sona
1130 3176 1163 3226 de
1175 3176 1274 3226 Ordine
1286 3174 1498 3225 cisterciensium

322 3257 353 3291 ex
378 3245 583 3307 congregatione
606 3245 632 3295 S.
657 3245 799 3303 Bemardi,
824 3245 907 3293 abbas
932 3244 957 3293 S.
981 3246 1085 3294 Mariae
1107 3246 1138 3295 de
1157 3241 1353 3294 Abundantia.“
1381 3269 1414 3277 ·-
1434 3241 1463 3303 2,
1485 3238 1500 3289 t

320 3310 473 3376 Ademptus.
493 3341 525 3347 -
550 3309 579 3372 5,
605 3311 622 3362 4
646 3315 726 3363 Vitae
753 3315 877 3362 restituit.
896 3339 929 3346 -
948 3310 977 3371 6,
1001 3311 1144 3375 4Omues3
1169 3313 1212 3361 ich
1234 3312 1377 3362 verbinde:
1402 3312 1498 3363 Salutis

322 3382 405 3428 omnis
431 3381 613 3430 medicamina.
632 3407 665 3414 —
683 3377 714 3442 8,
740 3378 752 3429 1
777 3381 884 3432 Christi.
904 3407 938 3414 -
954 3382 1009 3430 Der
1033 3384 1170 3446 Hymnus,
1194 3381 1289 3431 dessau
1314 3396 1401 3446 ganzo
1425 3382 1498 3430 Form

320 3449 362 3497 ins
380 3445 403 3498 9.
424 3449 486 3498 oder
507 3445 546 3498 10.
564 3449 656 3499 Jahrh.
675 3452 806 3509 verweist,
825 3449 909 3499 diirfte
928 3450 964 3498 im
977 3451 1087 3501 Gebiete
1105 3466 1159 3499 von
1170 3446 1307 3514 10100910,
1326 3449 1375 3498 auf
1391 3449 1440 3498 das
1458 3448 1499 3496 dar

321 3516 418 3566 Kultus
436 3517 522 3567 dieses
541 3519 667 3582 Heiligen
685 3518 846 3568 1000101011
863 3516 1002 3578 erseheint,
1021 3518 1154 3584 gedichtet
1171 3521 1237 3569 sein.

652 3770 713 3826 aba.
741 3770 776 3824 ln
795 3785 821 3826 s.
841 3770 999 3828 Victoriae
1017 3770 1053 3827 V.
1073 3772 1105 3826 et
1122 3770 1163 3825 lt.

808 3877 855 3926 Ad
872 3877 1014 3927 Laudes.

326 4033 353 4094 1.
389 4032 500 4089 Assiste
522 4048 598 4090 0000
620 4032 784 4104 precatibus
939 4037 967 4095 3.
1002 4033 1042 4093 Ut
1065 4033 1181 4092 Christo
1202 4039 1299 4106 grates
1323 4033 1440 4092 debitas

388 4120 522 4186 Tuorum,
547 4119 638 4190 virgo,
662 4119 832 4190 supplicum,
1005 4119 1096 4176 l‘ossit
1120 4125 1219 4176 nostra
1243 4117 1390 4191 fragilitas

389 4203 527 4269 Victoria,
551 4204 690 4262 mirabilis
1001 4205 1137 4262 Reddere
1158 4205 1187 4262 10
1211 4205 1349 4262 aetheriis

387 4288 450 4346 Deo
473 4296 557 4361 atque
579 4289 740 4362 placabilis.
1005 4290 1147 4348 Associati
1170 4290 1290 4364 angelis.

324 4462 353 4518 2.
388 4460 466 4530 Quae
488 4459 585 4517 mandi
610 4459 692 4518 huius
716 4460 800 4518 noxia
938 4464 967 4523 4.
1001 4461 1134 4518 Praestet
1155 4460 1210 4519 hoa
1231 4460 1309 4518 idem
1332 4463 1483 4536 Dominus,

388 4545 541 4618 Tempsisti
564 4551 649 4618 atque
671 4547 775 4620 omnia,
1001 4546 1054 4617 Qui
1076 4553 1171 4604 exstat
1192 4547 1360 4606 individuus

388 4629 434 4687 Da
457 4629 538 4688 nobis
561 4636 653 4687 tecum
678 4633 819 4706 perpetim
1002 4631 1071 4688 Cum
1095 4638 1186 4703 patre.
1211 4638 1311 4690 sancto
1335 4635 1444 4707 spiritu

389 4715 471 4787 Iaugi
493 4716 618 4773 aeternis
641 4718 763 4788 gaudiis,
1001 4717 1106 4775 blandi
1128 4725 1195 4777 ante
1217 4718 1404 4793 principium.
