3642 5550
476 623 624 691 Appendix.
642 650 677 659 -
693 627 725 676 B.
750 626 816 676 Tres
833 624 926 691 hymni
943 625 1075 690 Anonymi
1093 624 1245 691 Augicusis.

478 802 507 863 4.
542 798 590 858 Sic
611 799 663 859 illa
685 815 804 874 prorsus
825 800 939 861 exstitit
959 800 1084 859 omnium

542 885 717 958 Contegione
738 884 832 944 libera
853 886 992 959 sordium,

540 970 617 1029 Dum
639 970 779 1043 spiritalis
802 971 898 1050 gratia
919 971 1036 1031 luminis

541 1056 656 1116 Prolem
679 1056 789 1116 crearit
811 1056 872 1115 eius
894 1056 925 1115 in
947 1057 1066 1118 intimis.

478 1266 507 1326 5.
541 1262 582 1321 Et
604 1262 771 1336 cataclysmi
794 1262 861 1321 dum
883 1262 1021 1322 violentia

542 1347 640 1405 Terris
662 1348 806 1407 inundans
829 1349 966 1421 perderet
987 1349 1092 1421 omnia,

542 1432 659 1493 Archoo
680 1432 807 1493 natantis
828 1433 879 1492 ille
901 1450 993 1509 capax
1014 1435 1093 1493 sinus

541 1519 596 1578 Est
617 1525 683 1579 octo
705 1520 779 1582 vivis
800 1519 908 1580 auxilio
932 1522 1031 1594 datus;

478 1729 508 1787 6.
542 1727 709 1786 Praesentis
732 1742 824 1799 aquae
845 1725 959 1785 lubrica
981 1726 1089 1785 saeculi

542 1811 762 1885 Supernatando
784 1812 892 1886 remige
914 1811 1004 1871 nobili

542 1899 623 1958 Haec
642 1898 736 1957 instar
757 1898 862 1958 archae
884 1898 1079 1957 stellumaris
1100 1899 1160 1974 pia,

542 1985 655 2044 dientes
677 1984 799 2059 pudicas
821 1984 899 2044 vexit
922 1985 961 2044 ad
982 1985 1110 2044 aethera.

478 2190 508 2253 7.
542 2191 615 2250 Turn
637 2189 820 2263 patriarchae
835 2188 990 2263 praeputii
1010 2206 1081 2249 caro

542 2276 689 2335 Tmncata
710 2276 853 2349 quondam
875 2275 995 2334 vulnere
1016 2278 1113 2337 mucio

543 2361 674 2436 Signarit
695 2366 763 2421 ante
784 2361 945 2435 virgineum
966 2361 1054 2420 decus
1097 2373 1100 2377 ’

544 2448 673 2506 Terrena
696 2453 825 2506 mactans
846 2447 976 2506 membra
996 2447 1134 2509 reatibus.

481 2655 510 2714 8.
545 2654 685 2727 Flagrare
707 2669 827 2712 cernens
849 2657 879 2711 et
900 2654 1019 2729 Moyses
1040 2654 1147 2713 rubum

545 2739 640 2799 Nullis
663 2740 797 2800 adustum
820 2738 930 2800 viribus
951 2739 1060 2814 ignium

544 2829 663 2886 Parium
685 2827 797 2887 notarit
817 2826 938 2900 virginis
958 2826 1090 2886 inclitum

544 2911 632 2972 Nullo
655 2912 733 2972 virili
755 2913 884 2986 germine
906 2911 1062 2974 conditum.

482 3124 511 3184 9.
546 3118 678 3178 Summus
700 3117 837 3178 sacerdos
858 3117 1033 3178 Israhelitici

546 3205 651 3264 Coetus
673 3205 781 3277 Aaron,
804 3205 883 3263 iussa
904 3221 1026 3278 sequens
1048 3206 1115 3284 Dei,

545 3292 581 3350 In
602 3289 676 3351 aede
697 3306 780 3350 sacra
801 3289 867 3349 fixit
889 3291 1060 3366 ompydolo,

547 3378 626 3450 Quae
648 3392 714 3435 mox
735 3376 847 3451 recepit
867 3377 1020 3436 frondibus
1037 3377 1148 3455 obsita3

459 3585 510 3644 10.
543 3583 598 3641 His
620 3598 689 3656 ergo
710 3583 791 3641 miris
813 3582 905 3642 maius
928 3587 957 3640 et
979 3582 1034 3641 hoc
1056 3580 1120 3662 init,

542 3669 665 3728 Florens
685 3668 762 3741 quod
784 3684 821 3727 ox
842 3685 874 3728 se
895 3668 978 3742 virga
998 3683 1086 3726 nuces
1108 3669 1184 3740 tulit,

543 3755 657 3813 Prolem
679 3753 782 3813 beatae
803 3754 923 3828 virginis
944 3753 1088 3828 indicans,

541 3841 620 3913 Quae
645 3841 715 3900 vicit
735 3856 834 3900 omnes
852 3855 970 3898 munere
993 3837 1124 3899 feminas.

459 4048 511 4112 11.
544 4046 629 4106 Felix
650 4046 751 4105 Isaiae
772 4046 822 4103 ille
844 4045 900 4104 Dei
923 4045 1024 4104 videns

542 4133 640 4191 Achaz
662 4131 779 4206 tyranni
801 4128 880 4189 facta
899 4130 1077 4204 redarguens

542 4217 738 4277 Emmanuelis
759 4213 924 4292 praecinuit
944 4233 1048 4276 norum

541 4305 588 4362 Ex
610 4310 701 4362 matre
724 4309 805 4362 casta
826 4302 993 4377 progeniem
1016 4303 1124 4364 datum.

459 4495 507 4554 12.
542 4493 611 4566 Quia
630 4491 775 4550 Ieremicc
797 4492 876 4551 dicta
898 4492 1013 4550 silentio

543 4578 577 4635 In
600 4578 696 4636 laudis
718 4578 802 4637 huius
823 4581 989 4652 praetereat
1010 4576 1083 4650 loco,

543 4664 597 4735 Qui
619 4661 805 4737 praelerebat
827 4664 933 4738 dogma
953 4660 1164 4738 propheticum,

542 4749 789 4811 circumdedisset
810 4749 919 4809 femina
940 4748 1017 4822 quod
1042 4746 1157 4809 virum?
