3642 5550
319 625 380 691 174
584 628 650 677 Pars
668 629 689 677 Ι.
725 627 825 691 Hymni
843 627 1021 691 antiquissimi
1040 640 1108 677 saec.
1125 626 1241 676 V.-XI.
1330 657 1332 662 -

320 801 372 860 11.
406 799 477 858 Eius
500 815 612 872 quoquo
634 798 712 857 cives
735 804 783 857 tuo
936 800 984 859 12.
1019 797 1119 857 Gloria
1141 798 1179 855 sit
1201 798 1264 857 Deo
1285 800 1370 874 patri,
1461 877 1463 881 .

447 886 611 943 interventu
633 891 760 961 protege,
1061 884 1123 942 laus
1146 889 1174 941 et
1196 884 1329 943 iubilatio

407 972 468 1029 Tuo
492 986 540 1027 eos
563 970 737 1029 benedicens
1018 968 1150 1042 Filioque
1172 970 1233 1027 eius
1256 985 1326 1029 vero

446 1071 496 1114 ore
517 1056 677 1129 apostolico
1061 1059 1128 1114 ante
1149 1055 1246 1114 saecla
1268 1055 1365 1128 genito
1465 1071 1467 1076 ·

405 1143 476 1201 Cum
499 1141 607 1199 colonis
628 1146 714 1214 atque
736 1140 823 1213 agris,
1020 1140 1131 1212 Spiritu
1155 1156 1218 1199 cum
1242 1142 1405 1199 consolante

447 1227 495 1301 qui
518 1227 555 1284 ad
579 1242 627 1284 eos
649 1227 802 1300 portinent.
1062 1241 1232 1300 semperque
1255 1226 1377 1286 viritim.

391 1362 501 1413 Collect.
519 1376 566 1411 ms.
586 1361 612 1414 S.
631 1359 749 1410 Cornelii
768 1359 984 1425 Compendiensis
1003 1375 1071 1410 saec.
1089 1357 1114 1409 9.
1132 1376 1173 1410 ex.
1208 1360 1273 1411 eod.
1291 1361 1404 1411 Parisin-
1420 1355 1480 1411 2373.

319 1458 352 1466 -
372 1428 402 1491 l,
425 1428 609 1480 5mercntem.
630 1457 665 1465 -
682 1425 714 1491 4,
741 1425 827 1479 lSet.
846 1455 879 1463 -
898 1427 926 1490 7,
949 1426 964 1478 6
984 1427 1106 1493 reliquid.
1124 1452 1158 1463 ·—
1175 1425 1205 1490 9,
1226 1425 1242 1477 5
1260 1434 1348 1479 cunta.
1366 1426 1481 1490 -12,4

321 1501 436 1551 saecula.
460 1526 494 1532 —
512 1494 543 1546 P.
568 1510 591 1548 e.
616 1492 774 1559 Winterfeld
797 1498 953 1562 publiaierte
971 1496 1062 1547 diesen
1079 1495 1133 1546 und
1151 1497 1202 1547 den
1219 1496 1360 1562 folgenden
1378 1499 1480 1561 Hymen

321 1567 389 1620 nach
414 1570 487 1618 einer
505 1565 640 1617 Abschrift
656 1561 684 1616 0.
703 1562 836 1629 Hampc's
853 1563 938 1626 (Poet.
963 1566 1008 1616 lat.
1033 1566 1100 1615 med.
1118 1568 1179 1615 aevi
1196 1565 1242 1615 1v.
1261 1567 1291 1626 Ι.,
1308 1583 1333 1631 ρ.
1352 1563 1402 1617 239
1418 1566 1481 1632 sqq),

321 1640 411 1688 diesen
429 1638 497 1686 Text
520 1635 588 1684 habe
613 1634 680 1684 auch
704 1633 745 1684 ich
769 1635 885 1684 benutzt.
910 1661 944 1669 —
963 1633 1119 1684 Winterfeld
1144 1631 1192 1684 hat
1217 1631 1245 1695 (l.
1262 1651 1285 1685 c.
1303 1651 1329 1700 p.
1349 1631 1408 1695 237)
1422 1636 1481 1685 tiber

320 1705 437 1771 zcugend
461 1704 601 1768 dargetan,
625 1703 683 1752 dass
707 1703 751 1752 die
774 1704 945 1753 Translation
968 1703 1035 1752 nach
1058 1700 1230 1767 Compiegne,
1255 1703 1364 1768 speeiell
1386 1704 1430 1753 der
1444 1703 1481 1753 Ur·

322 1772 596 1892 Sitellitlll
612 1770 1481 1892 diditi?itlltltlalt³lt²ttlt”ls¹l1·0lt.”tlt

379 1876 383 1890 .
486 1858 500 1890 e
608 1857 656 1890 wr·

322 1916 409 1962 ersten
430 1859 486 1959 desg
501 1908 641 1975 folgenden
657 1875 753 1958 Jehres
778 1907 893 1973 gefallen
915 1910 973 1959 sein
991 1908 1067 1959 muse.
1103 1909 1233 1960 Weiteres
1251 1908 1315 1959 sehe
1332 1924 1392 1959 man
1408 1910 1434 1958 in
1448 1908 1482 1957 der

323 1982 391 2030 Note
410 1995 468 2028 aum
487 1977 614 2028 nichoten
632 1977 762 2042 Hymnus.
1158 1982 1162 1987 '

568 2212 629 2269 151.
656 2214 692 2267 ln
710 2212 925 2269 urenslmrone
943 2228 969 2269 s.
989 2212 1126 2269 (tornelli
1142 2215 1258 2284 Papae.
1284 2221 1287 2225 '
1319 2292 1322 2300 .
1351 2289 1353 2294 Ι

421 2306 571 2370 Hymnus
594 2303 748 2353 monachi
773 2301 1056 2368 compendiensis
1080 2303 1119 2354 ad
1135 2305 1404 2355 Procession'e'm.

494 2459 534 2521 R.
569 2459 677 2519 Christi
700 2475 777 2538 oves,
802 2460 945 2518 exsultate
965 2478 985 2514 e
1009 2459 1134 2532 spiritali
1156 2460 1274 2538 iubilo;‘

568 2545 616 2604 Ad
640 2546 716 2605 ovile
739 2545 816 2604 redit
839 2562 930 2615 suum,
956 2564 975 2600 e
998 2561 1043 2623 en,
1067 2562 1143 2620 papa
1167 2547 1335 2623 Cornelius..
1372 2549 1375 2555 '
1461 2563 1464 2569 ·

330 2685 358 2743 1.
395 2683 455 2741 Nos
477 2682 581 2756 pagani
605 2682 803 2755 compulerunt
941 2685 971 2742 4.
1005 2681 1084 2755 Ergo
1107 2684 1202 2758 cuncti
1224 2684 1416 2759 supplicemus

432 2767 469 2826 ob
492 2774 592 2827 nostra
613 2765 744 2827 facinora
789 2843 792 2848 Α
1048 2769 1146 2845 corde,
1169 2786 1228 2843 ore,
1252 2787 1351 2847 opere,

391 2854 502 2928 Corpus
524 2855 588 2913 eius
609 2853 646 2913 eb
669 2855 723 2912 hoc
745 2854 853 2926 templo
1007 2854 1047 2914 Ut
1068 2861 1166 2915 nostra
1188 2858 1284 2917 solvat
1304 2859 1409 2916 delicta

433 2936 604 2998 Silvanectis
624 2955 726 3015 ogere3
1047 2956 1111 2998 cum
1133 2940 1221 3001 Petro
1244 2944 1376 3016 apostolo

391 3024 447 3082 Sed
471 3025 526 3083 iam
550 3041 621 3098 pace
643 3041 697 3098 per
719 3025 843 3084 divinam
1005 3025 1194 3099 Hostiumque
1208 3028 1260 3086 sic
1279 3032 1455 3088 'nostrorum¹

433 3108 586 3169 reflorente
608 3111 730 3184 gratiam
1049 3111 1139 3190 elidat
1161 3113 1339 3189 superbiam,

391 3196 439 3254 Ad
462 3202 604 3256 sacratam
628 3196 682 3254 sibi
705 3197 802 3254 sedern
1005 3198 1046 3259 Ut
1068 3197 1098 3255 in
1118 3214 1190 3270 pace
1212 3201 1372 3259 serviamus

433 3281 507 3341 illud
529 3298 605 3340 nunc
626 3281 790 3343 referimus.
1047 3283 1109 3341 Deo
1131 3289 1229 3343 nostro
1251 3285 1368 3358 iugiter.

335 3422 365 3480 2.
400 3420 472 3477 Inde
496 3434 578 3477 sacer
600 3420 706 3493 gaudet
729 3420 821 3476 clerus
946 3422 974 3478 5.
1007 3411 1079 3478 'Oret
1100 3437 1212 3496 quoque
1233 3438 1287 3496 pro
1309 3439 1413 3482 sereno

440 3520 475 3563 ac
495 3504 591 3562 tidelis
613 3506 745 3581 populus,
1051 3506 1143 3566 Karlo
1165 3513 1264 3566 nostro
1288 3504 1413 3568 Caesare

397 3590 525 3663 Tresque
548 3587 658 3648 fructus
682 3591 869 3663 revirescunt,
1007 3590 1162 3663 Adiuncto
1175 3593 1231 3651 sibi
1253 3592 1339 3660 beato

438 3692 508 3749 quos
530 3676 607 3748 parit
630 3676 768 3734 ecclesia:
1051 3677 1198 3751 cypriano
1219 3684 1349 3752 martyre

396 3761 535 3819 Tricenus
558 3767 587 3819 et
608 3778 767 3835 sexagenus
1008 3762 1202 3837 Omnibusque
1224 3765 1352 3840 sanctis,
1366 3780 1479 3839 quorum

441 3863 503 3904 oum
527 3853 646 3905 centeno
667 3847 777 3922 pariter
1053 3864 1223 3908 veneramur
1245 3850 1379 3925 lypsana,

396 3932 443 3990 Ex
467 3933 583 3990 caelesti
606 3939 807 4005 consurgentes
1010 3933 1051 3992 Ut
1072 3934 1237 3993 substernat
1259 3933 1286 3993 ei
1308 3934 1389 3997 Deus

439 4017 520 4076 verbi
543 4017 598 4075 Dei
621 4018 738 4081 semine.
1052 4019 1183 4078 nationes
1205 4019 1356 4081 barbaras.

333 4155 362 4213 3.
396 4153 470 4211 Nam
493 4156 596 4213 chorus
618 4156 831 4229 coniugatorum
946 4161 975 4221 6.
1009 4148 1127 4219 Necnon
1159 4165 1188 4218 et
1210 4159 1390 4219 Francomm
1412 4164 1502 4219 servet

441 4239 509 4298 hinc
530 4241 642 4299 exsistit
663 4242 805 4320 mundior,
984 4255 986 4258 ’
1052 4245 1192 4319 benignus
1213 4246 1383 4321 exercitum,
1477 4272 1479 4279 ·

398 4324 577 4399 Castitasque
599 4327 750 4385 viduarum
1010 4332 1072 4402 Quo
1094 4331 1139 4388 sit.
1155 4332 1181 4388 ei
1204 4323 1346 4390 fortitudo

441 4412 531 4469 multo
552 4411 586 4469 fit
609 4413 749 4486 devotior,
1051 4433 1121 4475 sano
1144 4418 1361 4480 cumconsilio.

399 4496 438 4552 Et
460 4512 566 4555 corona
589 4498 736 4572 virginalis
1010 4501 1109 4559 Nostri
1130 4519 1241 4576 quoque
1263 4496 1374 4562 mernor
1396 4502 1455 4574 fiat,

440 4597 506 4639 suos
529 4584 639 4658 spargit
662 4585 769 4657 radios,
1052 4603 1199 4647 servorum
1221 4582 1361 4665 fidelium,
1412 4602 1418 4633 ’-

397 4666 486 4737 Quam
507 4668 610 4741 Maria,
633 4670 688 4727 Dei
710 4675 811 4740 mater,
1009 4672 1049 4732 Ut
1071 4671 1210 4733 defendat
1231 4691 1283 4732 nos
1307 4681 1337 4732 et
1351 4681 1482 4734 nostran

442 4753 520 4811 clara
542 4755 645 4813 lustrat
668 4755 811 4828 lampade.
1051 4764 1184 4830 potenter
1206 4757 1355 4834 familiam,
