3642 5550
321 640 356 689 Π.
385 639 424 688 De
443 636 555 688 Sanctis.
573 660 609 668 —-
627 635 656 683 Β.
684 634 785 696 Hymni
803 631 835 682 de
853 630 958 682 Sanctis
974 631 1089 695 Proprii.
1124 632 1165 682 De
1183 645 1203 680 s.
1223 628 1366 695 Stephano.
1402 627 1464 691 229

522 838 583 893 ltro.
612 836 765 909 „Hymnus
783 835 820 889 de
838 834 986 889 Passiono
1004 847 1030 889 s.
1050 830 1230 903 Stephani.“

645 926 794 989 Hymnus
812 922 956 973 Notkeri
975 923 1123 975 Balbuli.

517 1084 543 1142 l.
579 1080 691 1140 Primus
717 1095 752 1137 ex
775 1084 884 1152 septem
907 1079 999 1137 niveis
1022 1078 1161 1137 columnis

579 1168 606 1225 A
630 1167 718 1224 Petro
742 1165 850 1222 electus
873 1164 1035 1237 Stephanus
1058 1164 1143 1223 beato

513 1324 517 1330 ἡ
583 1253 658 1310 Voce
681 1252 726 1310 vel
750 1251 839 1324 signis
862 1250 1009 1308 medicans
1031 1250 1151 1310 misellis

611 1339 614 1418 ζ
724 1336 823 1395 Claret
844 1336 874 1393 in
897 1335 976 1397 orbe.

516 1513 546 1569 2.
581 1508 636 1580 Qui
659 1506 741 1565 brevi
762 1505 853 1566 verbo
876 1506 1020 1580 replicans
1043 1507 1141 1581 priora

582 1595 784 1652 Persecutores
808 1591 906 1650 docuit
927 1594 1039 1665 piorum

561 1747 564 1752 Δ
582 1680 656 1738 Esse
679 1678 802 1739 Iudaeos
824 1683 971 1751 probitate
994 1694 1090 1737 cassos

704 1763 844 1836 Felleque
866 1764 977 1835 plenos.

519 1938 548 1995 3.
583 1936 644 1994 Noc
667 1951 770 1993 novum
794 1934 873 2008 quid,
896 1933 974 2006 quod
997 1934 1147 1994 Dominum
1169 1932 1267 1994 furore

584 2020 678 2092 lmpio
700 2020 737 2078 ad
761 2036 882 2092 poenam
906 2019 999 2077 crucis
1021 2020 1207 2100 impulerunt,

584 2107 653 2165 Cum
677 2105 834 2178 prophetas
857 2105 902 2163 vel
925 2105 1107 2177 patriarchas
1129 2113 1197 2165 ante

702 2190 796 2264 Saepe
817 2196 963 2253 necarent.

517 2369 545 2423 4.
582 2363 668 2421 Hisce
691 2378 744 2435 pro
768 2361 864 2435 dictis,
887 2360 957 2418 licet
977 2360 1146 2435 angelorum

584 2449 638 2506 llle
661 2446 785 2521 fulgeret
807 2445 881 2505 facie
905 2447 1035 2525 decorus,

585 2534 643 2593 Ceu
666 2530 818 2606 profanum
842 2531 990 2590 moenibus
1014 2531 1094 2591 urbis
1116 2532 1193 2589 altae

703 2618 865 2678 Eiciebant.

522 2796 550 2852 5.
586 2792 665 2852 Sauli
688 2792 740 2850 sed
763 2807 849 2851 curae
870 2790 1006 2849 induvias
1028 2791 1165 2865 calentes,

584 2878 629 2936 Ne
652 2878 734 2951 piger
756 2875 854 2937 forsan
878 2875 959 2934 furor
981 2876 1137 2949 impeditus

585 2963 711 3022 Tardius
733 2972 861 3022 sanctum
885 2963 1015 3020 lacerare
1038 2969 1146 3036 posset,

707 3049 918 3122 Deposuerunt

522 3225 551 3282 6.
587 3219 659 3277 Turn
683 3221 781 3277 volant
803 3218 897 3277 crebri
921 3219 1033 3290 lapides
1056 3234 1109 3291 per
1129 3235 1215 3278 auras

588 3306 684 3362 Instar
705 3305 829 3378 ingentis
851 3304 967 3376 pluviae
990 3305 1034 3363 vel
1056 3303 1166 3382 imbris,

589 3390 695 3448 Vineae
715 3391 830 3449 tandem
853 3390 947 3447 sterili
969 3390 1092 3463 negandi

705 3477 801 3549 Atque
824 3475 953 3536 nocivae.

525 3650 553 3707 7.
589 3645 646 3705 Sed
669 3651 764 3703 tamen
784 3651 900 3703 sanctus
921 3645 1030 3718 pietate
1052 3647 1153 3718 plenus

588 3731 769 3790 Persecutori
792 3731 902 3788 veniam
927 3738 1063 3803 precatur

589 3819 684 3890 Atque
705 3831 758 3890 pro
781 3817 878 3875 crudis
900 3816 1029 3889 lapidum
1052 3815 1143 3874 ruinis

708 3904 819 3961 Pronus
840 3901 953 3962 adorat.

525 4075 554 4134 8.
589 4073 665 4131 Huic
687 4073 724 4130 ad
748 4073 908 4148 exemplum
931 4072 1009 4130 Deus
1031 4072 1095 4144 ipse
1116 4088 1249 4144 magnum

589 4158 738 4218 Praestitit
759 4174 791 4217 se
814 4157 1058 4232 conspiciendum,
1082 4159 1158 4215 omni

590 4245 710 4303 Saeculo
733 4243 809 4317 quod
832 4240 984 4317 profuerit,
1008 4249 1095 4316 caput
1118 4259 1168 4300 ceu

709 4330 925 4402 Martyriorum.

528 4487 556 4544 9.
595 4484 669 4543 Nam
693 4483 755 4556 quis
778 4482 897 4540 audebit
920 4481 1063 4554 dubitare,
1086 4496 1150 4539 sese

589 4569 671 4641 Quod
694 4570 772 4628 Deus
795 4574 891 4626 servet
913 4569 978 4640 pius
1000 4569 1029 4626 in
1051 4566 1187 4641 futurum,

589 4654 709 4727 Quando
730 4653 760 4711 in
784 4655 929 4726 praesenti
949 4653 1094 4726 Stephano
1117 4652 1273 4710 videndum

711 4739 849 4796 Praebuit
869 4739 943 4812 ipse,
