3642 5550
424 1287 464 1367 A
504 1288 534 1367 1.
577 1288 739 1390 Hymni
762 1289 816 1369 de
844 1288 1055 1391 Tempore
1083 1249 1352 1369 Communes,

720 1459 883 1535 Series
910 1462 1054 1559 prior.

809 1666 963 1677 -—-»-—

611 1798 638 1854 1.
666 1798 723 1853 Die
741 1798 902 1854 Dominioa
921 1799 960 1854 ad
978 1800 1163 1856 Nocturnas.

314 1957 345 2016 1.
381 1955 498 2013 Mediae
519 1957 612 2014 noetis
633 1962 746 2029 tempus
769 1963 829 2032 est;
937 1958 965 2017 8.
1000 1960 1160 2018 Occurrunt
1182 1963 1298 2015 sanotae
1321 1957 1447 2029 virgines

373 2036 555 2113 'Prophetiea
578 2057 633 2101 vox
656 2042 801 2118 admonet,
999 2044 1119 2104 Obviam
1143 2050 1210 2100 tunc
1232 2043 1371 2101 adventui
1483 2071 1485 2076 ·

380 2125 517 2185 Dicamus
538 2128 641 2185 laudes
663 2133 695 2185 ut
717 2128 781 2186 Deo
1000 2130 1154 2188 Gestautes
1177 2123 1271 2187 claras
1293 2127 1444 2199 lampadas

379 2212 461 2269 Patri
482 2228 597 2285 semper
619 2228 654 2271 ao
675 2212 736 2270 filio
999 2216 1107 2289 Magno
1129 2216 1270 2271 laetantes
1294 2212 1415 2287 gaudi03

313 2367 345 2423 2.
381 2364 487 2423 Sancto
509 2382 620 2437 quoque
643 2366 768 2439 spiritui.
937 2372 965 2427 9.
1001 2370 1113 2426 Stultae
1135 2383 1203 2425 vero
1226 2372 1383 2439 remanent,
1408 2380 1481 2437 quae

380 2448 515 2509 Perfecta
536 2452 612 2508 enim
634 2452 750 2509 trinitas
999 2454 1151 2511 Extinctas
1180 2452 1287 2511 babent
1318 2450 1481 2523 lampadas,

379 2534 528 2608 Uniusque
550 2536 729 2594 substantiae
998 2538 1120 2596 Frustra
1142 2538 1290 2611 pulsantes
1311 2537 1426 2595 monam

380 2621 542 2688 Laudanda
564 2622 647 2680 nobis
670 2638 785 2694 semper
806 2628 860 2683 est.
999 2624 1105 2683 Clausa
1125 2623 1183 2681 iarn
1205 2623 1286 2695 regni
1309 2623 1397 2695 regia.

312 2777 341 2833 3.
379 2774 531 2833 Terrorem
554 2782 668 2849 tempus
690 2775 745 2834 hoe
759 2775 858 2856 habet,
913 2779 963 2839 10.
998 2779 1092 2848 Quare
1114 2778 1265 2850 vigilemus
1288 2775 1384 2834 sobrie

379 2861 449 2933 Quo,
474 2877 536 2918 oum
559 2867 688 2919 vastator
710 2864 828 2934 angelus
998 2863 1151 2921 Gestantes
1179 2869 1289 2919 mentes
1311 2861 1481 2934 splendidas

378 2948 512 3019 Aegypto
534 2953 654 3004 mortem
677 2948 784 3020 intulit,
997 2949 1173 3007 Advenienti
1194 2953 1228 3006 ut
1250 2949 1315 3004 Iesu

378 3031 495 3089 Delevit
516 3031 717 3106 primogenita.
998 3033 1085 3108 Digni
1108 3050 1254 3091 curramus
1277 3032 1402 3094 obviam.

312 3186 343 3243 4.
377 3184 458 3242 Haec
480 3186 563 3242 iustis
586 3186 657 3244 hora
678 3187 757 3244 salus
779 3191 823 3244 est
913 3188 964 3248 11.
997 3188 1154 3260 Noctisque
1176 3187 1288 3244 mediae
1310 3195 1440 3257 tempore

378 3270 430 3346 Et,
458 3286 529 3342 quos
551 3271 628 3328 idem
649 3278 718 3328 tune
739 3273 858 3344 angelus
998 3274 1104 3331 Paulus
1126 3288 1237 3345 quoque
1259 3279 1288 3328 et
1311 3272 1403 3330 Sileas

378 3359 474 3413 Ausus
496 3357 600 3428 punire
622 3374 678 3414 non
701 3363 763 3414 erat
998 3359 1143 3418 Christum
1166 3358 1255 3414 vineti
1278 3359 1308 3414 iu
1332 3373 1447 3414 carcere

379 3440 496 3513 Signum
520 3439 679 3500 formidans
702 3443 857 3515 sanguinis.
998 3445 1203 3503 collaudantes
1226 3442 1312 3500 soluti
1335 3448 1411 3502 sunt.

314 3597 343 3654 5.
377 3596 528 3667 Aegyptus
549 3592 638 3652 flebat
660 3593 775 3652 fortiter
914 3597 963 3656 12.
997 3596 1090 3653 Nobis
1105 3596 1153 3652 hio
1168 3596 1291 3653 mundus
1308 3611 1407 3653 career
1419 3605 1480 3671 est3

379 3679 535 3737 Tantorum
560 3679 624 3738 dira
645 3678 756 3749 funera,
997 3682 1039 3738 Te
1061 3681 1220 3756 laudamus,
1253 3680 1366 3738 Christe
1388 3681 1478 3756 Deus,

378 3764 461 3823 Solus
484 3765 629 3837 gaudebat
652 3766 743 3825 Israel
997 3766 1083 3824 Solve
1105 3766 1202 3825 vinela
1224 3773 1409 3838 peecatorum

376 3850 454 3921 Agui
476 3857 624 3923 protectus
647 3851 793 3923 sanguine.
997 3853 1030 3908 In
1052 3857 1089 3925 te,
1112 3859 1221 3926 sancte,
1245 3852 1431 3912 credentium.

312 4007 341 4064 6.
377 4003 438 4060 Nos
460 4019 529 4061 vero
552 4005 644 4063 lsrael
667 4021 772 4075 sumus,
877 4015 880 4033 ¹
914 4007 964 4068 13.
997 4005 1107 4078 Dignos
1130 4021 1181 4062 nos
1204 4003 1262 4074 fae,
1286 4021 1337 4064 rex
1362 4004 1455 4079 hagie,

378 4090 534 4147 Laetamur
555 4089 586 4146 in
608 4097 646 4162 te,
669 4088 801 4164 Domine,
997 4091 1100 4148 Futuri
1123 4091 1204 4164 regni
1227 4091 1328 4163 gloria,

377 4173 496 4233 Hostem
520 4181 690 4246 spernentes
710 4182 738 4234 et
753 4176 857 4233 malum
996 4177 1131 4234 Aeternis
1153 4183 1185 4232 ut
1207 4191 1368 4233 mereamur

377 4258 486 4317 Christi
510 4258 623 4317 defensi
645 4260 793 4332 sanguine.
997 4263 1039 4319 Te
1062 4261 1196 4319 laudibus
1219 4261 1378 4324 concinere.

314 4413 342 4470 7.
376 4413 473 4485 Ipsum
503 4411 635 4484 profecto
666 4420 778 4486 tempus
804 4421 857 4487 est,
914 4416 964 4474 14.
999 4414 1100 4472 Gloria
1121 4414 1198 4486 patri
1221 4413 1356 4491 ingenito,

377 4498 439 4567 Quo
462 4513 531 4554 voce
554 4498 719 4570 evangeliea
889 4572 891 4577 Α
998 4499 1097 4557 Gloria
1119 4499 1265 4572 unigenito

377 4583 521 4640 Venturos
544 4599 666 4656 sponsus
691 4584 827 4658 ereditur,
998 4584 1087 4644 Simul
1111 4600 1174 4641 oum
1196 4591 1296 4642 saneto
1319 4586 1423 4657 spiritu

376 4667 469 4739 Regni
493 4668 625 4726 caelestis
646 4670 787 4733 eonditor,
995 4671 1029 4727 In
1051 4670 1227 4744 sempiterna
1248 4673 1372 4730 saecula.

1285 4766 1321 4819 ll

1495 4818 1562 4908 Ι
