3642 5550
318 635 380 698 212
576 636 643 686 Pars
661 636 683 685 Ι.
720 637 817 700 Hymni
835 637 1016 701 antiquissimi
1034 650 1101 687 caea
1120 636 1236 687 u-xi.

585 917 647 973 185.
677 918 811 984 llymnus
830 916 930 972 sancti
949 916 1063 983 Nynlae
1082 915 1230 985 episcopi.

473 1073 595 1135 Arbiter
620 1076 803 1148 altithronus,
827 1076 904 1132 solus
929 1075 1006 1133 Deus
1029 1076 1229 1149 omnicreator,

518 1162 671 1220 Maiestate
695 1168 805 1239 potens,
829 1160 938 1218 arbiter
960 1160 1143 1232 altithronus,

473 1246 606 1306 Blandus
630 1248 660 1304 in
682 1261 749 1304 ποθ
771 1246 831 1319 poli
854 1246 953 1320 genuit
977 1246 1013 1303 de
1035 1246 1143 1305 lumine
1162 1247 1268 1318 lumen,

520 1332 696 1406 Principium
718 1338 747 1390 at
768 1332 843 1405 finis,
868 1331 991 1389 blandus
1014 1333 1044 1389 in
1066 1347 1133 1390 arce
1155 1332 1226 1405 poli,

437 1424 453 1476 5
480 1416 591 1478 Crescit
614 1418 719 1490 ubique
742 1426 844 1490 pateus
868 1418 976 1475 aeterni
999 1418 1091 1489 gloria
1113 1418 1197 1491 regis,

518 1505 580 1562 Rex
604 1504 790 1576 dominusque
813 1503 877 1575 pius
901 1497 1005 1560 olescit
1026 1503 1131 1576 ubique
1153 1511 1266 1576 patens.

474 1588 582 1649 Debita
606 1605 699 1664 poeno
721 1605 785 1647 reos
808 1588 900 1646 tenuit
922 1604 975 1661 pro
997 1589 1118 1646 crimina
1138 1590 1244 1663 priseo,

519 1675 678 1748 Linquerat
697 1674 726 1731 in
749 1674 874 1733 Domino
898 1673 997 1732 debita
1018 1690 1112 1746 poena
1135 1691 1209 1733 reos.

477 1759 569 1819 llrror
590 1760 627 1819 ab
650 1759 719 1817 orbe
742 1760 800 1818 ruit
822 1759 935 1817 medico
958 1759 1089 1818 veniente
1111 1776 1245 1833 superno,

416 1847 455 1905 10
520 1845 596 1903 Dum
619 1845 729 1918 patitur
752 1845 894 1919 Christus,
918 1860 1000 1903 error
1021 1845 1057 1904 ab
1081 1845 1150 1903 orbe
1173 1846 1240 1908 ruit.

475 1928 600 1991 Florida
622 1947 706 2003 quem
729 1932 828 2003 genuit
848 1936 942 1988 mater
964 1930 1025 1988 sinc
1047 1938 1131 2004 patre
1153 1929 1287 2005 fecunda,

522 2017 677 2090 Virginitas
700 2014 770 2074 felix
792 2014 896 2075 florida
919 2032 1002 2089 quem
1024 2017 1131 2090 gennit.

475 2098 592 2165 Gaudia
614 2102 700 2174 longa
722 2107 798 2159 tenet
822 2118 884 2160 cum
908 2102 1080 2173 virginitatis
1103 2102 1227 2173 honore3

521 2190 599 2260 Quae
621 2188 719 2260 genuit
740 2187 903 2261 Dominum,
927 2188 1032 2259 gaudia
1053 2188 1139 2262 longa
1161 2194 1250 2251 tenet.

416 2274 453 2332 15
479 2272 585 2332 Hostia
607 2290 717 2331 summa
737 2274 830 2345 patris
852 2274 987 2330 mundum
1012 2273 1048 2331 de
1071 2280 1161 2332 morte
1182 2275 1313 2350 redemit,

519 2360 599 2419 Caeli
621 2364 735 2431 sceptra
758 2358 833 2432 petit
854 2358 948 2417 hostia
970 2375 1079 2418 summa
1101 2361 1202 2432 patris.

477 2442 549 2504 Iure
571 2445 658 2503 micat
680 2444 768 2505 rutilo
790 2449 954 2503 sanctorum
977 2445 1070 2517 gloria
1092 2447 1181 2521 caelo,

519 2531 584 2589 Lux
607 2530 771 2589 venerando
793 2530 860 2603 polo
882 2530 945 2588 iure
966 2530 1053 2588 micat
1075 2531 1172 2591 rutilo.

477 2615 577 2675 Rarus
601 2616 630 2673 in
654 2631 720 2674 arce
743 2616 815 2674 nitet
838 2616 1008 2676 coniunctus
1032 2616 1141 2675 civibus
1164 2617 1232 2688 illis,

413 2704 453 2760 20
520 2702 650 2760 Antistes
672 2701 769 2774 Nynia
791 2717 874 2759 carus
894 2702 924 2758 in
947 2716 1015 2759 arce
1036 2702 1117 2759 nitet.

474 2787 598 2847 Lumina
621 2788 717 2846 cordis
742 2787 851 2847 habens
876 2793 970 2845 terras
992 2787 1099 2845 lucebit
1120 2787 1151 2845 in
1173 2803 1280 2857 omnes,

520 2877 580 2934 lam
604 2889 692 2945 super
715 2879 793 2931 astra
814 2873 886 2930 nitet
909 2873 1018 2932 lumina
1041 2873 1136 2932 cordis
1159 2872 1277 2932 habens.

475 2958 556 3018 Mitis
578 2959 609 3016 111
631 2959 701 3017 orbe
722 2964 807 3032 pater
828 2958 919 3017 multa
943 2957 1082 3017 miracula
1104 2959 1201 3032 gessit,

520 3044 651 3103 Foedera
672 3044 756 3102 firma
774 3050 853 3102 tenet
876 3043 954 3101 mitis
976 3045 1006 3101 in
1029 3044 1099 3102 orba
1121 3048 1213 3116 pater.

419 3133 457 3189 25
482 3127 590 3189 Noster
611 3131 641 3187 in
664 3130 733 3188 orbe
756 3130 851 3207 decor,
876 3146 1026 3202 squamoso
1050 3145 1169 3205 corpore
1191 3130 1303 3202 lepram

521 3216 566 3274 De
588 3216 696 3274 tumulo
719 3222 832 3288 purgat,
855 3221 954 3273 noster
975 3216 1005 3273 in
1027 3216 1097 3274 orbe
1120 3216 1216 3274 dacor.

479 3297 582 3361 Omnia
604 3317 690 3374 posse
713 3301 794 3358 dedit
815 3300 978 3359 benedictio
1000 3301 1081 3373 larga
1103 3301 1238 3373 tonantis,

521 3387 695 3446 Intemerata
718 3385 790 3444 fides
812 3387 907 3445 omnia
929 3403 1014 3459 posse
1037 3387 1127 3447 dedit.

479 3469 590 3531 Pausat
611 3473 642 3530 in
664 3472 730 3530 aula
751 3487 833 3529 sacer
856 3473 1011 3530 tumulatus
1034 3488 1154 3544 corpore
1177 3470 1304 3544 praesul,

417 3559 456 3616 30
523 3557 652 3616 Crimine
675 3557 726 3616 sub
749 3557 853 3631 templi
875 3564 979 3632 pausat
1001 3559 1030 3615 in
1052 3558 1119 3615 aula
1140 3573 1231 3618 sacer.

480 3639 569 3721 Quem
591 3643 669 3701 Dens
692 3643 834 3701 aethereis
857 3650 989 3702 ornatum
1012 3644 1074 3700 iure
1095 3643 1250 3714 triumphis

522 3728 608 3787 Vexit
630 3729 668 3787 ad
691 3737 771 3786 astra
793 3729 861 3801 poli,
886 3745 970 3801 quem
993 3729 1070 3786 Deus
1093 3728 1246 3789 aethereis.

478 3811 583 3884 Regna
604 3814 690 3872 beata
714 3820 820 3890 manet,
843 3815 892 3887 qui
915 3815 1001 3872 castis
1024 3814 1150 3872 moribus
1173 3813 1238 3870 istic

524 3900 644 3959 Vixerat
666 3901 695 3958 111
718 3899 850 3979 Domino,
875 3916 964 3972 regna
985 3900 1070 3957 beata
1092 3905 1197 3962 manet.

421 3987 460 4044 35
485 3982 612 4057 spiritns
634 3991 714 4044 astra
736 3985 810 4058 petit
833 3993 911 4043 casto
936 3985 972 4043 de
995 4001 1116 4058 corpore
1138 3985 1240 4059 laetuS,

521 4072 670 4146 Argolicis
691 4071 823 4129 manibus
847 4071 966 4143 spiritus
988 4077 1068 4128 astra
1089 4071 1171 4143 petit.

479 4154 521 4214 Τθ
544 4157 715 4233 medicante,
738 4156 827 4231 Deus,
850 4156 997 4214 hominnm
1018 4161 1062 4214 tot
1084 4157 1204 4214 vulnera
1227 4160 1321 4229 curat,

521 4242 618 4300 Morbi
643 4240 793 4314 diffugiunt
815 4248 844 4297 te
867 4241 1037 4315 medicante,
1060 4240 1148 4301 Deua.

479 4323 602 4386 Viscera
625 4333 704 4384 casta
727 4334 843 4384 vomant
865 4324 1031 4384 firmissime
1053 4334 1138 4384 cauta
1160 4328 1263 4403 salute,

420 4413 460 4469 40
526 4412 671 4470 Virtutum
694 4412 798 4485 pocula
820 4413 932 4470 viscera
955 4420 1033 4471 casta
1055 4418 1180 4471 vomant.

480 4496 598 4556 Xristus
620 4497 650 4555 in
674 4499 739 4555 aula
762 4497 821 4569 poli
844 4499 923 4556 claro
946 4497 1092 4556 redimivit
1113 4497 1221 4556 honore

523 4582 691 4641 Pontificem
714 4583 848 4656 Nyniam,
874 4584 1006 4643 Christus
1028 4583 1058 4641 in
1080 4583 1147 4641 aula
1168 4583 1239 4657 poli.

482 4667 583 4726 Ydrus
606 4669 634 4725 in
657 4668 727 4727 orba
749 4668 837 4743 gemit
858 4669 973 4730 Christo
997 4668 1161 4727 dominante
1183 4685 1236 4741 per
1257 4668 1367 4743 orbem,

524 4754 634 4812 Lumen
657 4756 760 4813 adesse
781 4754 836 4812 Dei
858 4755 949 4828 ydrns
971 4755 1001 4812 in
1023 4755 1093 4813 orbe
1114 4755 1212 4834 gemit.
