3642 5550
318 608 382 673 290

621 610 687 660 Pars
705 608 741 659 11.
776 606 929 671 Hymnodia
946 606 1190 659 Hibernocaltica

599 783 655 842 111.
688 781 759 841 eoa
780 784 837 841 aa
860 780 999 842 asama
1021 776 1227 858 [ma-mol.

416 982 418 988 ι
524 922 566 979 Te
589 921 626 980 da
648 919 736 977 caelis
759 918 913 978 Dominum
935 919 1086 978 laudamus

525 1006 623 1080 Teque
644 1006 770 1064 omnium
792 1019 890 1078 regem
913 1019 1011 1076 regum
1033 1020 1182 1093 rogamus3

524 1092 591 1149 Tibi
612 1091 662 1151 uni
684 1095 715 1149 et
735 1091 822 1164 trino,
844 1090 875 1148 in
896 1106 980 1164 quam
1003 1106 1162 1164 speramus,

527 1177 597 1236 Cum
620 1176 744 1236 excelsis
767 1176 878 1249 augelis
899 1175 1037 1250 hymnum
1060 1183 1217 1236 cantamus.

720 1383 774 1444 1v.
806 1382 880 1443 Post
901 1382 1107 1457 amotam.

527 1521 655 1583 Canticis
678 1519 878 1594 spiritualibus
901 1519 1031 1579 dilectuti

526 1609 667 1681 Hymnus,
691 1605 815 1681 Christe,
838 1611 1030 1665 consonantes
1052 1606 1180 1665 cauimus
1202 1605 1267 1679 tibi,

526 1692 636 1764 Quibus
659 1698 709 1751 tua
730 1691 867 1751 maiestas
888 1692 982 1763 possit
1003 1691 1115 1764 placari

527 1778 632 1837 Oblata
654 1777 749 1837 laudis
772 1776 866 1836 hostia
889 1777 1024 1850 spiritali.

729 1982 763 2044 V.
797 1983 869 2042 Post
889 1982 1097 2058 annpc'lo‘um.
1200 1967 1204 1973 ’

525 2120 636 2178 Laudis
657 2119 779 2196 hymnus
801 2117 864 2197 tibi,
888 2118 1021 2192 Domine,
1044 2119 1139 2178 bestia

524 2206 600 2266 Prae
623 2206 727 2263 ceteris
748 2205 890 2278 probatur
913 2220 976 2263 esse
998 2210 1135 2278 accepta3

526 2292 553 2350 A
576 2290 733 2350 maioribus
755 2306 824 2365 orgo
846 2291 884 2351 ad
908 2307 960 2350 nos
982 2291 1108 2351 traditos

525 2377 606 2436 Tuae
627 2377 773 2436 maiestati
795 2378 923 2436 canimus
946 2376 1078 2450 bymuos.

722 2583 771 2644 Vl.
806 2582 877 2641 Post
898 2581 1105 2656 Eooapeliam.

526 2719 661 2779 Diluculo
684 2720 757 2778 lucis
780 2725 899 2780 auctore
922 2725 1091 2794 resurgente
1208 2710 1216 2724 ⁴

526 2806 711 2865 Exsultemus
732 2807 763 2864 in
787 2807 910 2865 Domino
936 2807 1051 2866 devicta
1073 2812 1175 2880 morte,

526 2892 588 2962 Quo
610 2898 730 2965 peccato
752 2893 896 2964 possimus
918 2908 1033 2966 semper
1054 2893 1137 2952 obire

525 2976 666 3051 vitaeque
688 2977 867 3037 ambulemus
890 2979 921 3037 in
943 2979 1081 3038 novitate.

729 3167 794 3230 VII.
828 3167 899 3226 Post
919 3168 1085 3242 Romnum.

526 3307 591 3365 Lux
615 3309 681 3363 orta
703 3309 747 3363 est
769 3305 800 3362 iu
821 3305 886 3363 luoe
908 3305 1004 3378 prima

525 3390 656 3450 Exordio
680 3389 792 3448 diemm
813 3390 932 3464 antiquo
954 3389 1043 3466 facta,

525 3476 698 3549 Unigenitus
721 3483 797 3552 tuus,
820 3476 952 3553 Domine,
976 3478 1025 3550 qui
1048 3482 1149 3535 nostra

525 3561 654 3620 Abluere
676 3561 756 3621 venit
776 3578 830 3635 per
852 3578 968 3622 crucem
991 3567 1121 3636 peccata.

714 3749 798 3814 vui
831 3753 878 3810 ne
899 3752 1094 3826 macyatus.

435 3939 437 3943 ,
526 3889 757 3963 Triumphalium
780 3904 921 3947 memores
943 3893 1102 3963 martyrum
1126 3894 1250 3960 tuorum,

527 3975 582 4046 Qui
604 3991 657 4048 pro
680 3980 709 4032 te
729 3975 856 4033 tolerare
878 3974 985 4033 vexilla
1009 3976 1183 4049 passionum,

527 4061 694 4137 Precamur,
717 4065 749 4119 ut
771 4077 825 4134 per
846 4065 948 4119 sancta
969 4061 1073 4119 merita
1095 4061 1224 4134 ipsorum

527 4146 698 4205 Nostrorum
722 4144 834 4205 veniam
858 4162 1020 4204 mereamur
1041 4152 1236 4219 peccatorum.

727 4336 780 4395 IX.
814 4334 883 4395 Post
907 4334 1097 4407 ‚Cantemus‘.

530 4471 616 4532 Plebs
635 4471 726 4531 lsrael
748 4471 779 4530 iu
801 4470 922 4544 figuram
944 4473 1037 4531 nostri

527 4558 684 4616 Liberatur
705 4558 735 4615 in
757 4557 883 4616 transitu
905 4560 1012 4634 maris3

527 4645 588 4703 Nos
611 4660 679 4717 ergo
702 4660 756 4717 per
776 4643 899 4724 gratiam
923 4644 1061 4717 baptismi

527 4729 635 4789 Libera
657 4733 688 4787 tu
710 4729 746 4788 ab
770 4729 866 4788 exitiis
888 4730 998 4792 mundi.
