3642 5550
482 618 630 686 Appendix.
646 646 681 655 -
698 622 727 671 B.
754 622 819 672 Tres
836 620 928 685 hymni
944 620 1077 685 Anonymi
1094 619 1245 685 buglensis.

483 795 534 856 22.
568 792 710 867 Dignatus
732 794 809 854 idem
831 809 930 854 rursus
951 791 989 851 ab
1010 792 1129 852 aethere

567 878 617 938 Ad
640 884 669 937 te
690 881 844 953 petendam
866 877 940 941 haec
961 878 1024 937 sola
1045 884 1163 953 tangere

569 967 626 1024 Per
646 965 836 1039 obsequentes
857 970 888 1023 te
908 965 976 1023 tulit
997 965 1124 1041 angelos,

566 1049 606 1109 Ni
628 1048 725 1130 fallor,
748 1051 814 1126 ipsa
835 1067 924 1111 came
944 1066 1033 1124 snper
1048 1050 1145 1125 polos.

483 1258 531 1317 23.
565 1256 629 1316 Hoc
650 1257 792 1316 evidentis
815 1257 917 1316 indicii
939 1254 996 1315 fide

567 1342 640 1401 Toto
661 1343 779 1404 volebat
799 1343 869 1403 orbe
890 1349 1040 1417 patescere

567 1428 738 1489 Praebendo
760 1445 814 1503 per
835 1435 865 1487 te
887 1429 974 1502 plura
999 1427 1164 1503 petentibus

567 1515 660 1574 Verse
682 1515 783 1575 salutis
806 1516 883 1575 dona
904 1514 1049 1575 fidelibus.

484 1722 534 1781 24.
569 1720 644 1779 Nam
666 1718 742 1780 forte
763 1720 881 1794 quidam
904 1736 981 1780 nunc
1003 1724 1154 1795 sacer‚est
1171 1720 1251 1778 locus

566 1808 601 1864 In
622 1806 695 1866 urbe
717 1822 800 1866 sacra
822 1807 980 1866 Ierusalem
1007 1806 1096 1878 sitns3

567 1891 626 1952 Sub
649 1892 711 1951 inre
733 1892 826 1952 sancti
848 1891 973 1951 nominis
995 1891 1071 1950 bunc
1093 1891 1136 1949 tui

567 1976 671 2039 Servat
692 1985 808 2039 senatus
829 1977 917 2037 turba
937 1977 1098 2039 monastici.

482 2186 533 2244 25.
567 2185 628 2243 Hos
650 2185 769 2261 grandis
791 2185 859 2243 olim
883 2186 952 2244 dnm
975 2188 1121 2258 premeret
1151 2182 1251 2259 fames,

569 2268 641 2332 Auri
664 2270 782 2329 nitentis
804 2275 836 2328 tn
858 2270 982 2330 dederas
1005 2286 1074 2343 opes

569 2358 630 2418 Ara
652 2358 784 2430 repertas
806 2359 921 2416 nemine
943 2357 1067 2430 conscio,

569 2443 630 2503 Has
652 2444 716 2516 quis
738 2448 852 2502 sacrato
876 2444 1014 2503 detulerit
1035 2444 1109 2506 loco.

485 2650 535 2710 26.
569 2648 684 2707 Exinde
706 2649 798 2708 rictus
821 2645 995 2707 sufficientia

571 2735 642 2794 Cum
664 2735 740 2809 stipe
762 2732 869 2794 fratres
890 2739 1024 2808 pasceret
1045 2750 1148 2808 annua,

570 2822 640 2879 Mox
662 2822 819 2896 gratiarum
843 2820 943 2879 debita
963 2819 1059 2878 munia

569 2908 639 2966 Cum
662 2908 748 2967 laude
770 2908 866 2981 coepit
886 2907 1000 2966 solvere
1021 2905 1105 2978 plebs
1126 2906 1185 2979 pia.

485 3113 537 3172 27.
571 3112 695 3172 Iudaeus
717 3129 800 3185 unns,
823 3116 885 3170 arte
908 3111 1056 3187 vitrariae,

570 3197 640 3256 (lum
663 3199 825 3272 disciplinis
848 3213 901 3271 pro
926 3196 1096 3257 liberalibus

571 3284 678 3342 Natum
703 3284 863 3343 docendum
885 3283 1060 3342 christicolis
1081 3300 1163 3342 soum

574 3369 815 3445 Contradidisset,
838 3369 962 3446 ingeniis
982 3385 1087 3448 acrem,

487 3576 536 3636 28.
569 3575 655 3635 Hunc
676 3593 740 3635 cum
764 3576 877 3636 coaevis
900 3590 1017 3634 currere
1040 3575 1169 3650 contigit,

575 3661 682 3721 Christi
700 3663 836 3722 sacerdos
858 3678 915 3735 qua
936 3662 1044 3736 populo
1066 3662 1147 3721 dedit

574 3747 714 3806 Caelestis
736 3763 820 3807 escae
841 3764 962 3807 monera
984 3748 1121 3825 mystica3

573 3835 706 3893 Accessit
726 3835 791 3910 ipse
812 3834 973 3908 suscipiens
995 3849 1038 3895 ea.

491 4045 543 4102 29.
577 4041 679 4100 Statim
703 4047 851 4099 revertens
874 4039 911 4098 ad
934 4040 1083 4114 propriam
1108 4039 1222 4099 domum

575 4128 622 4185 Ex
643 4143 723 4185 more
745 4125 823 4200 patri
844 4125 979 4200 praebuit
1001 4125 1139 4197 osculum,

574 4213 683 4273 Causas
707 4219 841 4271 retexens
863 4212 992 4271 laetitiae
1015 4227 1084 4271 suae
1205 4271 1207 4277 ,

573 4299 727 4374 Dapesqne
749 4303 878 4371 sumptas
901 4298 1040 4358 ecclesiae
1062 4313 1172 4356 sacrae.

427 4539 429 4543 .
489 4492 542 4551 30.
574 4490 655 4549 Tunc
678 4489 757 4547 dirus
779 4488 870 4547 hostis
891 4487 943 4546 ille
964 4486 1094 4546 fidebam

574 4575 712 4634 Flammis
734 4575 849 4649 paravit
869 4573 988 4633 tradere
1008 4572 1116 4648 filinm;

575 4661 633 4720 Sed
654 4665 733 4718 tutus
754 4659 805 4718 ille
826 4660 933 4720 mansit
953 4659 984 4717 in
1005 4658 1119 4732 ignibus

573 4747 686 4808 Dextra
707 4746 810 4808 beatae
831 4746 951 4821 virginis
972 4744 1095 4830 obsitos²
1135 4798 1137 4801 ,
