3642 5550
361 617 397 666 ΙΙ.
425 618 466 666 De
484 617 597 667 Sanctis.
615 642 649 650 -
666 617 696 665 B.
716 618 814 679 Hymni
833 615 865 665 de
884 616 989 665 Sanctis
1007 616 1119 679 Proprii.
1154 616 1196 666 De
1216 632 1236 665 s.
1255 615 1382 665 Findauo.
1436 618 1496 680 179

390 784 412 846 l,
438 785 454 836 2
475 787 512 835 Et
535 788 615 837 robur
632 799 656 838 c.
674 814 708 820 -
728 783 750 847 l,
768 782 785 835 3
803 786 896 836 decent
914 786 979 835 fehlt
997 788 1028 836 K.
1049 813 1082 820 -
1101 782 1123 846 l,
1142 782 1158 835 5
1175 787 1214 836 Te
1231 788 1299 836 caeli
1318 786 1367 836 ST.
1387 814 1418 823 -
1439 785 1463 847 l,
1482 785 1497 836 6

318 855 429 906 laudent
445 857 476 904 Y.
494 884 528 892 -
546 854 570 916 2,
590 853 603 904 l
624 860 744 904 sanctum
762 856 793 917 Q.
812 881 845 887 -
863 851 887 913 2,
908 852 924 903 3
943 856 1128 920 Areopagitam
1146 854 1214 905 KST
1231 867 1248 906 c
1266 853 1293 906 d.
1312 882 1345 890 -
1364 852 1387 916 2,
1405 854 1423 906 4
1440 857 1498 905 Iam

319 923 421 973 caelico
443 923 528 985 iam(l)
552 926 583 973 D.
602 950 636 959 -
654 919 678 983 2,
696 921 711 973 6
730 923 821 974 Laudo
839 925 948 986 perenni
967 925 999 972 N.
1017 950 1052 957 —
1069 919 1093 983 3,
1112 920 1128 971 2
1146 924 1293 973 abscissum
1311 924 1403 985 KQST
1421 937 1446 976 c.
1465 951 1498 958 —

319 989 344 1052 3,
367 989 384 1041 4
410 992 476 1041 loblt
498 993 526 1043 C.
552 1019 586 1026 —
609 988 633 1055 3,
659 989 674 1041 6
696 993 816 1041 Parisios
835 990 909 1053 QST,
928 991 1081 1056 paradisum
1099 989 1126 1042 tl.
1145 1018 1178 1026 —-
1195 992 1269 1042 Nach
1288 993 1340 1043 Str.
1359 988 1375 1042 3
1393 993 1451 1059 fago
1468 994 1497 1042 in

320 1062 343 1123 Q
362 1062 423 1111 eine
441 1059 521 1110 Hand
539 1076 606 1111 saec.
628 1057 666 1110 15.
686 1076 728 1110 am
746 1060 838 1110 Raude
856 1061 914 1109 bei:

628 1130 711 1179 Cuius
730 1145 791 1179 ossa
808 1143 885 1178 sacra
900 1128 904 1189 Ι
920 1127 984 1188 Inde
1003 1129 1134 1178 translata

629 1197 706 1261 Apud
725 1197 919 1246 Emmeramum
935 1194 938 1256 Ι
955 1198 1098 1259 Martyrem
1117 1198 1215 1246 almum

551 1293 557 1301 ·
630 1266 698 1315 Sunt
715 1282 784 1315 nunc
796 1266 928 1315 tumulata
943 1263 947 1325 Ι
962 1266 994 1313 ln
1012 1266 1167 1329 Ratispona.

390 1332 415 1396 4,
435 1332 564 1398 lMartyr
581 1333 701 1399 angelice
719 1339 748 1383 tu
762 1336 847 1384 Deum
866 1345 895 1396 ος
911 1338 944 1391 tu
956 1334 1071 1382 Domino
1084 1334 1118 1384 D.
1130 1360 1165 1368 -
1176 1331 1201 1394 5,
1218 1331 1235 1384 3
1249 1338 1393 1401 Houorque
1413 1338 1499 1403 gloria

321 1405 353 1454 T.
372 1432 406 1440 —-
424 1402 448 1464 5,
467 1401 484 1454 3
502 1419 539 1467 sq.
559 1404 647 1453 Decus
664 1402 749 1452 honor
766 1403 863 1452 unitati
883 1406 909 1451 et
926 1402 1012 1465 gloria
1030 1400 1061 1451 G.

391 1474 444 1522 Die
463 1471 575 1535 Quellen
598 1470 658 1519 siud
675 1470 790 1520 vielfach
807 1470 851 1520 die
868 1469 1003 1534 gleichen,
1027 1472 1077 1519 wie
1096 1470 1205 1520 finden
1225 1472 1499 1537 Benediktusbymuus

324 1536 514 1659 „gaasgzdga
539 1534 807 1669 hiiss‘dliitnffiiil
827 1538 894 1670 iti)
908 1536 1502 1659 ἷῖἲῃὲἕιῖἳῖώὲἓξι,2222022222ῑά

323 1626 418 1728 {inm-m
430 1645 639 1741 sranadsiscbeo
657 1672 782 1726 Dichter“
802 1643 831 1725 s’o
849 1675 936 1740 geben
953 1674 997 1725 die
1016 1643 1130 1736 ngllen
1148 1676 1203 1725 ihm
1220 1626 1430 1741 weningzldhbu
1447 1627 1501 1661 von

707 1910 769 1968 154.
797 1911 834 1965 In
851 1910 951 1968 sancti
970 1909 1113 1968 Flndanl.

511 2055 541 2116 1.
573 2053 637 2128 Eia,
661 2069 746 2126 nunc,
770 2053 841 2112 socii
862 2071 881 2107 a
907 2050 1014 2111 iratres
1037 2058 1064 2110 et
1087 2052 1213 2130 Domini,

574 2139 653 2198 Voce
676 2138 826 2197 dulcisona
846 2157 866 2193 s
891 2140 1009 2212 pangite
1032 2137 1153 2216 cantica,

576 2225 654 2283 Anni
677 2240 741 2283 oum
764 2224 858 2282 orbita
880 2243 899 2278 a
925 2221 1015 2283 refert
1039 2223 1182 2285 dieculam

688 2310 814 2370 Findani
837 2309 930 2382 patris
952 2306 1102 2383 fulgidam.

512 2468 541 2526 2.
576 2465 664 2537 Quem
686 2468 785 2521 natum
808 2461 905 2522 Scotia
928 2480 947 2516 a
972 2460 1105 2521 confovet
1128 2462 1233 2523 Suevia

578 2550 726 2608 Thesauro
748 2546 839 2607 nobili
861 2566 880 2603 a
906 2547 1092 2621 Rhenangiae
1114 2548 1168 2606 soli

578 2635 653 2693 Dato
676 2633 822 2711 divinitus,
848 2651 867 2688 a
893 2649 978 2706 quarn
1003 2634 1119 2706 cingens
1142 2635 1268 2709 undique

693 2720 819 2779 Decorat
841 2719 935 2778 amnis
960 2716 1152 2779 circumfluus.

512 2880 543 2938 3.
579 2877 667 2951 Ergo,
690 2891 774 2951 quem
797 2875 925 2935 canimus
946 2894 965 2929 s
991 2876 1079 2934 variis
1101 2876 1245 2954 laudibus,

580 2962 703 3036 Dignum
725 2978 779 3038 per
800 2961 896 3019 omnia
917 2980 936 3015 a
962 2961 1055 3020 discat
1073 2962 1200 3041 ecclesia

579 3048 707 3121 Eiusque
729 3047 894 3120 hymnidica
916 3065 935 3100 a
959 3062 1046 3119 prece
1068 3048 1125 3104 iam
1149 3048 1301 3105 concinens

691 3133 830 3208 imploret
854 3133 1025 3205 patrocinia.

514 3294 556 3350 4..
578 3287 635 3345 Hic
657 3304 722 3345 nam
746 3285 904 3345 barbaricis
928 3305 947 3340 a
973 3287 1106 3344 venditus
1129 3286 1244 3358 populis

581 3373 664 3432 Pacis
687 3372 739 3430 sub
759 3372 857 3430 osculo
878 3390 897 3424 a
926 3386 1005 3429 nore
1029 3371 1172 3430 dominico

582 3459 680 3518 Proles
702 3458 826 3530 ingenua
846 3475 865 3510 a
890 3457 1001 3532 praeda
1025 3457 1152 3528 piratica

694 3545 751 3604 Por
772 3543 859 3601 maris
882 3541 963 3600 vadit
984 3542 1073 3603 invia.

517 3703 546 3762 5.
580 3698 636 3756 Sed
660 3713 746 3770 prece
770 3712 909 3769 prospera
930 3714 949 3748 s
974 3695 1062 3752 missa
1084 3712 1139 3768 per
1161 3697 1280 3754 aethera

581 3782 685 3843 Evasis
708 3781 837 3840 hostibus
858 3800 877 3835 a
903 3781 1023 3839 miratur
1045 3781 1164 3853 pelagus

583 3867 680 3929 Fideli
701 3867 826 3925 lembulo
848 3886 867 3922 a
891 3866 1059 3925 subvectum
1081 3869 1209 3927 navitam

695 3954 844 4012 Potentem
866 3956 962 4011 tractu
984 3952 1105 4014 aridam.

519 4093 548 4152 6.
582 4090 631 4150 Sic
654 4090 828 4148 israelitas
853 4088 935 4163 quasi
959 4104 1012 4160 per
1035 4089 1100 4147 avia

584 4175 677 4235 Maris
700 4174 780 4233 rubri
802 4191 904 4235 saevos
926 4196 945 4231 a
970 4172 1081 4247 fugiens
1106 4175 1264 4247 Aegyptios

585 4261 712 4336 Transit,
736 4260 920 4334 Rhenaugiae
942 4281 962 4317 s
987 4259 1052 4317 fixit
1073 4260 1198 4318 tentoria

695 4345 826 4404 Ducente
849 4345 964 4406 Christo
987 4351 1137 4419 perpetua.

524 4487 553 4545 7.
587 4480 676 4546 Unde
698 4483 762 4540 laus
786 4482 894 4553 debita,
916 4502 935 4538 a
961 4483 1062 4554 virtus,
1085 4482 1225 4555 potentia,

586 4569 688 4628 Honor
709 4569 747 4626 sit
769 4569 871 4627 unicae
893 4587 912 4623 a
937 4569 1086 4641 trinaeque
1109 4568 1227 4640 gloriae,

586 4656 664 4729 Quae
685 4653 753 4711 huic
775 4659 833 4712 tarn
856 4654 953 4713 nobile
974 4674 993 4709 a
1019 4653 1109 4712 voluit
1132 4652 1229 4710 domui

698 4739 810 4798 Lucere
832 4756 900 4799 suae
922 4739 1068 4812 lampade.
