3642 5550
635 672 637 676 2
672 649 721 700 ru.
747 649 838 700 vana.
856 668 889 684 -
903 631 1005 699 'nones
1021 641 1131 714 cymas
1436 627 1499 713 ggii

301 875 303 880 ,
344 825 371 885 2.
404 820 574 896 Suffragare
868 849 870 854 ¹
936 824 965 883 5.
1001 821 1077 895 Opto
1098 821 1226 897 thronos,

448 923 563 983 quaeso,
587 908 657 966 mihi
679 909 773 982 posito
998 938 1000 940 ·
1064 908 1194 984 uirtutes,
1217 909 1415 987 archangelos,

407 994 499 1053 Maris
521 994 616 1066 magni
869 993 871 997 ’
1021 993 1212 1071 Principatus,

449 1080 579 1139 velutin
601 1080 740 1155 periculo,
813 1112 814 1115 =
1063 1084 1230 1154 potestates,
1252 1081 1378 1157 angelos,

408 1166 447 1227 Ut
470 1182 527 1224 non
549 1180 645 1223 secum
1022 1165 1063 1226 Ut
1084 1181 1130 1222 me
1154 1165 1242 1223 denso

449 1251 545 1309 trahat
564 1267 610 1308 me
632 1251 792 1310 mortalitas
1064 1246 1253 1309 defendentes
1274 1252 1388 1325 agmine

406 1336 497 1394 Huius
520 1336 588 1394 anni
1022 1335 1156 1396 Inimicus

447 1438 539 1496 neque
561 1422 660 1480 mnndi
682 1422 803 1482 vanitas.
883 1430 894 1457 ·'
1064 1422 1175 1480 valeam
1198 1427 1392 1494 prosternere.

341 1561 370 1620 3.
404 1558 444 1617 Et
465 1557 520 1615 hoc
540 1558 618 1617 idem
788 1628 790 1631 Α
957 1562 985 1619 6.
1019 1558 1092 1615 Tum
1115 1557 1221 1617 deinde

447 1650 514 1717 peto
536 1661 554 1702 a
575 1643 745 1705 sublimibus
1062 1648 1172 1701 eeteros
1194 1644 1389 1718 agonithetast
1480 1636 1488 1694 ἶ

406 1728 545 1789 Caelestis
567 1730 618 1788 mi·
839 1722 841 1726 ’
1021 1729 1213 1801 patriarchas,

447 1814 529 1874 litiae
550 1815 714 1888 virtutibus,
1062 1807 1199 1887 quattndr
1212 1819 1316 1887 qnater
1330 1814 1496 1888 prophetas,

404 1900 449 1958 Ne
471 1916 517 1960 me
535 1901 668 1974 linquant
1022 1902 1184 1978 Apostolos,

447 1987 632 2045 lacerandum
655 1986 795 2059 hostibus,
1062 1986 1143 2044 navis
1166 1985 1274 2047 Christi
1296 1991 1439 2058 proretas,

406 2072 463 2131 Sed
488 2068 646 2131 defendant
718 2075 721 2082 '
1018 2072 1059 2130 Et
1079 2078 1232 2148 martyres,

449 2174 495 2215 me
517 2158 574 2216 iam
596 2158 684 2217 armis
706 2156 840 2222 fortibus.
1062 2173 1162 2215 ornnes
1185 2162 1253 2229 peto
1275 2156 1409 2226 athletas,
1490 2204 1492 2209 .

341 2294 577 2354 ammffi
955 2294 1211 2367 Zffimm

446 2381 624 2453 praecedant
644 2380 675 2437 in
697 2379 760 2438 acie
1061 2381 1127 2439 illos
1148 2381 1226 2439 salns
1248 2379 1362 2452 saepiat

405 2465 546 2525 Caelestis
567 2482 617 2524 ex·
866 2470 868 2475 ‘
1019 2467 1114 2539 Atque
1135 2481 1219 2524 omne

356 2550 360 2555 ’
448 2552 555 2610 orcitus
576 2551 705 2629 militiae,
1062 2552 1169 2611 malum
1191 2568 1209 2610 a
1231 2566 1276 2609 mc
1298 2557 1416 2626 peracte

406 2637 552 2696 Cherubin
575 2642 604 2694 et
1020 2638 1153 2697 Christus
1175 2653 1285 2695 mecum

447 2721 599 2797 Seraphin,
623 2738 687 2781 cnm
709 2722 825 2782 milibus
1062 2729 1178 2797 pactnm
1199 2722 1312 2782 firmum
1334 2721 1438 2802 feriat,

404 2809 531 2868 Michael
551 2814 580 2866 et
1019 2809 1128 2884 Timor,
1152 2814 1261 2868 tremor
1395 2847 1397 2854 -

447 2894 568 2954 Gabriel
589 2894 741 2957 similibus.
1061 2901 1170 2954 taetras
1192 2894 1292 2954 turbas
1314 2899 1432 2958 terreat.

887 3068 926 3126 ΙΙ.

610 3206 638 3264 8.
673 3200 764 3279 Deus,
785 3204 1002 3278 impenetrabili
1023 3206 1114 3263 tutela
1140 3237 1142 3242 ·

672 3290 808 3362 Undique
830 3307 877 3348 me
899 3289 1025 3349 defende
1046 3291 1186 3362 potentia.

341 3431 368 3488 9.
403 3427 487 3486 Meae
508 3426 607 3501 gibrae
936 3429 987 3488 11.·
1019 3428 1086 3485 Meo
1108 3443 1176 3500 ergo

447 3529 552 3585 pernas
574 3528 672 3571 omnes
694 3513 787 3572 libera
1063 3529 1125 3570 cnm
1149 3512 1262 3586 capillis
1284 3513 1387 3572 vertici

404 3599 480 3657 Tnta
501 3599 581 3672 pelta
1021 3597 1112 3656 Galea
1133 3614 1178 3657 aa·

447 3689 615 3758 protegente
637 3683 758 3756 singula,
1061 3684 1130 3740 lutis
1149 3689 1210 3741 esto
1233 3683 1332 3758 capiti,

374 3791 377 3799 ·
405 3770 446 3831 Ut
468 3786 524 3827 non
546 3769 633 3827 taetri
1019 3768 1132 3838 Fronti,
1157 3769 1247 3826 oculis

448 3856 602 3913 daemones
624 3855 653 3912 in
676 3855 768 3912 latera
1063 3859 1092 3911 et
1115 3853 1234 3911 cerebro
1256 3851 1393 3930 triformi,

404 3941 471 3999 Mea
493 3940 609 4012 librent,
1020 3940 1137 4015 Rostro,
1160 3939 1247 4013 labio,

446 4033 479 4085 nt
500 4026 603 4097 solent,
626 4026 737 4085 iacula:
1062 4024 1157 4095 faciei,
1181 4024 1315 4101 timpori3

322 4164 369 4222 10.
405 4163 533 4236 Gigram,
557 4161 731 4235 cephalem'
935 4166 983 4223 12.
1017 4163 1128 4233 Mento,
1151 4160 1269 4241 bapbac,

450 4264 513 4306 cnm
535 4246 605 4306 ibris
628 4254 774 4319 stochas,
1061 4248 1233 4324 superciliis
1255 4247 1382 4322 auribus,

408 4335 536 4405 Patham,
559 4330 721 4412 lig(a)nam,
1021 4334 1119 4403 Genis,
1142 4333 1248 4402 buccis,
1392 4339 1399 4347 ’

447 4435 550 4477 senuas
573 4424 660 4491 atque
681 4418 831 4494 michinae,
1062 4420 1221 4493 interraso,
1244 4419 1372 4491 naribus,

407 4505 538 4576 Cladnm,
562 4520 699 4581 crassum,
1021 4505 1154 4579 Pupillis,
1176 4507 1256 4581 rotis,

448 4590 621 4667 medianum,
646 4591 740 4664 talias,
1063 4591 1222 4666 palpebris,
1244 4591 1420 4666 tautonibus,

404 4676 536 4752 Bathma,
561 4692 629 4735 exn·
1022 4677 1132 4755 Gingis,
1156 4678 1303 4751 anhelae,

445 4762 524 4839 giam
545 4767 632 4837 atque
653 4762 774 4824 idomas.
1063 4762 1189 4825 maxillis
1211 4768 1239 4825 et
1261 4760 1409 4840 faucibus3
