3642 5550
504 639 540 687 11.
565 638 608 687 De
625 636 737 686 Sanctis.
756 666 789 673 --
807 635 838 684 A.
857 638 957 700 Hymni
976 635 1008 686 de
1026 637 1131 686 Sanctis
1149 637 1315 687 Communes.

532 812 560 871 3.
596 810 644 869 Ad
667 827 778 868 sacrum
803 810 881 867 ouius
903 810 1041 867 tumulum
1065 807 1230 882 frequenter

589 895 722 953 Membra
744 896 931 968 languentum
954 896 1038 953 modu
1060 895 1185 968 sanitati,

593 981 726 1052 Quolibet
747 982 834 1039 modu
856 979 964 1039 fuerint
986 981 1107 1056 gravati,

730 1068 941 1126 Restituuulur.

526 1275 557 1332 4.
591 1272 676 1331 Unde
698 1287 774 1329 nuuc
797 1276 895 1330 noster
918 1272 1021 1329 chorus
1043 1272 1073 1329 iu
1095 1272 1202 1330 honore

591 1357 685 1429 Ipsius
708 1357 845 1430 hymnum
868 1357 946 1415 canit
967 1357 1043 1414 hune
1065 1356 1198 1431 libenter,

592 1443 633 1503 Ut
653 1443 709 1515 piis
733 1444 793 1500 eius
816 1442 927 1500 meritis
948 1442 1079 1500 iuvemur

732 1530 821 1587 Omne
845 1544 897 1600 per
919 1543 1030 1589 aevum.

526 1738 557 1795 5.
592 1735 635 1793 Sit
657 1734 734 1793 salus
756 1734 810 1808 illi,
835 1733 922 1791 decus
941 1738 1028 1805 atque
1050 1732 1151 1801 virtus,

590 1820 643 1891 Qui
666 1837 753 1892 supra
776 1819 848 1878 caeli
871 1819 1001 1877 residens
1024 1834 1160 1877 cacumen

510 1956 513 1965 .
591 1906 692 1964 Totius
712 1904 810 1962 muudi
833 1904 994 1962 machinam
1016 1903 1157 1978 gubernat

729 1991 834 2048 Trinus
857 1994 886 2048 et
909 2006 991 2049 uuus.

388 2178 497 2230 Gleiehe
510 2178 623 2239 Quellen
633 2178 712 2227 Α-Ζ
729 2180 779 2227 wie
797 2178 868 2227 heim
885 2175 1119 2241 vorhergeheuden
1132 2177 1265 2239 Hymnus3
1286 2192 1313 2225 es
1331 2174 1419 2225 fehlen
1437 2177 1501 2225 aber

318 2248 402 2308 BXZ,
427 2247 510 2297 wofdr
532 2247 590 2297 hier
610 2249 751 2297 eiutreten:
775 2246 883 2296 Collect.
907 2250 934 2294 et
957 2247 1054 2309 Hymn.
1080 2261 1127 2295 ms,
1153 2246 1186 2305 S„
1202 2245 1312 2293 Martini
1336 2243 1500 2294 Trevirensis

318 2330 388 2365 saec.
407 2313 440 2376 (9.
459 2315 494 2379 et)
513 2313 552 2365 10.
571 2317 607 2365 in.
637 2315 700 2366 eod.
718 2316 854 2365 Treviren.
874 2310 941 2363 1245
957 2310 1052 2376 (1418).
1070 2316 1100 2365 B.
1117 2340 1152 2347 -
1169 2314 1246 2361 Brev.
1265 2328 1312 2360 ms.
1326 2311 1500 2377 Sangallense

319 2399 389 2433 saec.
416 2380 481 2435 ¹⁰l11.
517 2384 580 2435 Cod.
600 2384 752 2448 Sangallen.
776 2378 835 2431 413.
854 2385 887 2432 X.
911 2411 945 2419 —
965 2384 1039 2431 Brev.
1065 2398 1111 2432 ms.
1131 2382 1283 2431 Strnmense
1306 2396 1374 2429 saec.
1398 2378 1437 2429 ll.
1460 2397 1500 2429 ex.

320 2451 386 2502 Cod.
405 2453 576 2503 Laurentian.
597 2454 679 2503 Conv.
704 2468 791 2516 suppr.
810 2448 869 2501 524.
888 2451 916 2499 Z.
935 2478 968 2486 -
986 2451 1121 2512 FaKQRY
1138 2448 1198 2498 sind
1217 2449 1291 2498 nicht
1308 2448 1499 2498 kollationiert.

392 2516 414 2581 l,
432 2518 449 2570 2
466 2522 581 2571 celebret
598 2522 623 2583 I;
642 2522 671 2570 in
688 2521 752 2570 urbe
769 2519 826 2569 AX.
845 2546 875 2557 -
900 2516 924 2580 l,
941 2514 958 2569 3
970 2521 1029 2568 Hoc
1046 2519 1089 2568 die
1102 2519 1137 2579 l'3
1156 2522 1259 2566 seerata
1271 2518 1305 2577 D,
1323 2521 1453 2565 sacratum
1466 2519 1500 2566 Χ.

318 2614 355 2621 -
374 2586 404 2649 l,
425 2587 444 2639 4
461 2589 590 2640 Scandere
609 2604 690 2655 regua
706 2589 742 2647 A,
767 2588 869 2637 eaelum
887 2588 921 2636 X.
940 2613 974 2621 -
991 2584 1021 2647 2,
1043 2586 1055 2636 l
1076 2583 1182 2650 prius(!)
1200 2585 1313 2649 prudens
1333 2587 1366 2636 U.
1385 2610 1418 2618 -
1436 2582 1467 2644 2,
1484 2582 1501 2635 3

319 2658 451 2777 {triu
468 2659 497 2707 r·
515 2684 549 2775 i
567 2654 1368 2790 {vatent

449 2762 455 2775 ·
543 2762 549 2787 r
868 2761 874 2787 r
1169 2758 1175 2770 ·
1263 2760 1269 2785 r

319 2795 420 2847 CTUZ.
439 2822 471 2830 -
489 2793 521 2855 5⁸,
539 2793 555 2845 2
573 2794 671 2845 residet
688 2794 718 2843 Ο.
737 2820 770 2827 -
789 2791 813 2856 5,
830 2790 847 2841 3
865 2794 988 2844 machina
1006 2789 1107 2854 DTU²3
1131 2793 1280 2858 gubernans
1299 2792 1354 2850 CD,
1373 2793 1501 2856 gubernet

321 2864 353 2924 F,
372 2864 491 2930 guberna
507 2866 538 2914 Τ.
556 2889 590 2898 -
608 2860 632 2923 5,
650 2860 668 2912 4
684 2867 711 2912 et
728 2863 814 2912 hunus
834 2863 863 2912 Ο.

390 2933 442 2983 Die
469 2932 654 2982 altklassisehe
684 2929 883 2996 Strophenform
910 2945 966 2979 war
992 2930 1062 2979 wohl
1087 2928 1194 2987 Aulass,
1221 2927 1279 2976 dass
1306 2928 1352 2978 der
1379 2929 1501 2992 Hymnus

321 3001 409 3050 vielen
423 2996 634 3066 „Korrekturen“
649 3005 810 3064 unterzogen
822 2999 919 3059 warde,
938 2999 982 3049 die
995 2998 1049 3047 ihm
1061 2998 1108 3047 das
1123 2997 1196 3047 stark
1208 2995 1350 3061 geduderte
1364 2996 1502 3046 Aussehen

319 3071 357 3119 im
366 3069 484 3134 jetzigeu
495 3065 658 3119 Rdmr'schen
666 3065 792 3118 Breuiere
803 3069 901 3133 gaben:
915 3064 972 3116 Iste
985 3066 1124 3131 confessor
1132 3061 1257 3125 Domini,
1271 3061 1382 3115 cukutm
1398 3062 1402 3130 l
1418 3067 1501 3126 Quem

320 3139 366 3203 pie
384 3138 495 3188 laudaut
511 3137 603 3202 populi
621 3154 669 3203 per
686 3137 775 3187 orbem
793 3141 842 3186 etc.

684 3373 745 3432 119.
773 3375 808 3428 ln
826 3373 916 3429 unlus
935 3373 1140 3429 confessuris.

531 3571 559 3634 1.
593 3569 716 3647 Christe,
741 3570 880 3644 salvatur,
904 3569 1020 3643 pietatis
1042 3571 1154 3644 auctor,

593 3658 661 3715 lure
683 3653 814 3715 laudaris
838 3653 1009 3713 famulorum
1031 3652 1108 3728 odis

593 3742 684 3801 Laeta
705 3758 776 3814 quus
798 3745 933 3813 praestus
957 3740 1104 3798 celebrare
1127 3737 1207 3798 festa

733 3826 882 3900 Temporis
906 3826 998 3885 huius·

528 4037 558 4094 2.
593 4035 695 4109 Instat,
720 4049 765 4108 eu,
788 4032 857 4090 solis
881 4033 1026 4090 revolutus
1050 4028 1141 4102 orbis,

593 4121 656 4192 Quo
678 4117 753 4191 petit
776 4119 870 4176 caelos
894 4117 1032 4175 Nicolaus
1055 4116 1140 4174 heros

595 4205 692 4276 Atque
714 4207 878 4261 sanctorum
901 4217 1018 4262 numero
1041 4202 1152 4260 locatus

735 4287 849 4347 Gaudet
871 4287 996 4348 abunde.

529 4497 557 4559 3.
586 4495 684 4562 ‘Huius
707 4493 835 4564 obtentu,
859 4494 986 4567 rogitans
1009 4492 1162 4563 benignum

595 4581 626 4640 Si
649 4581 711 4655 quis
734 4580 847 4638 accedit
870 4595 956 4652 prece
979 4595 1043 4637 cum
1064 4577 1154 4654 fideli,

595 4667 689 4726 Sentit
712 4665 843 4724 effectum
867 4665 992 4723 retinere
1014 4669 1111 4723 votum

735 4751 831 4809 Dante
853 4751 947 4811 beato.
