3642 5550
612 616 647 666 11.
674 616 715 665 De
733 617 847 668 Sanctis.
864 642 898 650 —
916 617 956 666 De
974 631 994 665 s.
1012 617 1099 666 Petro.
1381 612 1441 678 347

266 787 371 837 werden
393 787 469 837 mols.
488 812 521 821 -
539 788 593 837 Der
610 787 686 837 Reim
710 789 746 837 ist
769 789 797 837 in
820 787 865 837 der
883 784 968 854 Regel
990 787 1065 836 nicht
1084 789 1153 846 reiu3
1179 786 1349 836 Alliteration
1367 785 1440 836 fehlt.

265 856 403 906 Demuach
429 856 532 907 scheint
555 856 602 907 der
626 858 749 921 Hymnus
772 856 904 906 entvveder
925 872 974 905 vor
995 856 1053 905 dem
1079 853 1103 904 7.
1125 855 1307 904 Jahrhundert
1330 854 1393 904 oder
1414 856 1442 903 in

266 926 353 974 eiuem
370 924 485 974 anderen
497 924 589 974 Lande
607 925 646 975 als
658 925 748 974 Irland
767 926 831 974 bzvv.
849 941 902 974 von
921 927 1008 975 einem
1021 924 1174 975 Nicht-Iren
1186 923 1319 989 gedichtet
1331 939 1363 971 zu
1377 925 1441 973 sein.

266 993 340 1043 Auch
358 992 405 1043 hat
419 993 465 1043 der
476 994 573 1058 Kopist
584 1009 637 1043 von
649 993 672 1042 A
685 994 762 1044 keiue
773 994 886 1046 Glossen
899 993 952 1043 und
965 995 1151 1043 Kommentare
1167 991 1324 1057 beizufiigen
1335 991 1441 1058 gehabt.

597 1297 658 1355 254.
686 1298 722 1352 In
739 1297 841 1354 suncti
859 1297 947 1352 Petri
967 1296 1118 1367 Apostoli.

625 1474 664 1537 lt.
699 1472 800 1537 Assint
822 1474 904 1533 nobis
928 1474 1061 1533 sublimia

698 1561 797 1620 Sancti
819 1560 899 1621 Petri
921 1559 1065 1634 suffragia.

290 1750 319 1807 1.
353 1745 473 1825 Audite,
497 1747 612 1823 fratres,
636 1746 743 1808 famina
903 1751 932 1811 8.
947 1728 951 1746 ¹
967 1747 1167 1808 Habundabat
1187 1748 1306 1818 iustitia,

354 1835 434 1892 Petri
457 1835 581 1907 pastoris
603 1835 736 1908 plurima.
966 1836 1072 1893 Plenus
1095 1834 1192 1892 divina
1214 1835 1315 1910 gratia,

353 1920 540 1992 Baptismatis
562 1920 700 1979 libamina
967 1920 1072 1979 Sancta
1094 1914 1233 1993 expandit
1255 1919 1327 1978 retia

352 2004 442 2063 Fudit
463 2006 552 2064 veluti
573 2004 699 2066 flumina.
966 2006 1074 2078 Sparsa
1095 2022 1148 2078 per
1170 2004 1268 2063 mundi
1291 2003 1393 2077 spatia.

287 2195 316 2255 2.
350 2192 403 2253 Bis
426 2192 541 2252 refulsit
562 2199 594 2252 ut
616 2192 753 2253 fulmine*
902 2199 933 2256 9.
966 2193 1142 2254 Iudaeorum
1164 2195 1314 2255 malivolas

352 2279 440 2338 Sacro
463 2286 626 2339 sanctorum
648 2282 776 2355 agmine3
967 2282 1051 2340 Vitae
1073 2279 1207 2339 formavit
1230 2280 1340 2339 animas

351 2364 469 2424 Flentes
493 2366 576 2423 duxit
598 2382 633 2424 ex
656 2366 758 2425 ordine
967 2368 1132 2447 Missusque
1154 2365 1231 2439 cepit
1250 2364 1389 2439 plurimas

353 2449 459 2510 Gentes
483 2451 580 2511 divino
604 2452 738 2511 carmine.
967 2454 1119 2526 Evangelii
1141 2468 1195 2525 per
1215 2451 1338 2524 sagium.
1447 2486 1455 2496 .-

309 2684 316 2699 .
353 2635 519 2719 celebravit
542 2639 657 2713 egregia
885 2642 935 2702 lo.
965 2639 1075 2699 Karine
1097 2639 1236 2698 librorum
1258 2639 1379 2712 legimus

353 2724 504 2798 Evangelii
526 2726 681 2799 praeconia
969 2727 1049 2787 Petri
1071 2726 1170 2799 plenas
1194 2724 1363 2802 virtutibus3

352 2809 443 2869 Facta
465 2816 611 2886 prostrata
633 2812 708 2886 legia
967 2813 1096 2871 Maestus
1119 2812 1224 2870 divinis
1244 2810 1358 2870 fletibus

351 2895 396 2956 De
417 2903 519 2956 satana
541 2898 672 2958 victoria.
968 2899 1071 2956 Pastor
1090 2899 1119 2955 in
1142 2899 1198 2958 Dei
1221 2897 1346 2973 nutibus,

309 3133 316 3148 .
351 3083 468 3144 lludum
490 3084 577 3159 elegit
599 3086 737 3144 Dominus
882 3086 932 3146 11.
966 3084 1057 3145 Lurit
1078 3091 1110 3144 ut
1133 3086 1264 3144 Phoebus
1286 3086 1400 3144 saecula

351 3173 468 3229 Petrum
490 3177 522 3229 ut
543 3187 630 3244 opum
652 3173 755 3244 oleum,
968 3172 1078 3232 Christi
1100 3179 1214 3229 secutus
1235 3186 1333 3246 opera,

352 3257 392 3316 Ut
414 3256 539 3315 obituret
560 3256 713 3317 Dominum
968 3258 1059 3316 Binae
1080 3258 1152 3330 legis
1174 3257 1290 3315 oracula

352 3342 494 3415 Essetque
515 3347 616 3415 pastor
637 3344 742 3406 ovium.

312 3596 319 3610 .
352 3547 524 3606 Elaboravit
545 3547 650 3620 ubique
881 3551 932 3610 12.
967 3548 1073 3608 Mirum
1095 3554 1239 3621 pastorem
1262 3548 1376 3620 postulo

261 3673 262 3676 =
352 3635 444 3694 Curae
468 3634 551 3691 datus
573 3633 712 3692 historiae
967 3635 1114 3706 Flagitarc
1136 3651 1193 3691 non
1217 3633 1332 3711 desino;

352 3718 583 3778 Fundamentum
607 3719 765 3777 dominicae
968 3721 1012 3777 Ne
1043 3721 1194 3791 demergar
1223 3734 1286 3775 cum
1309 3718 1442 3796 pessimo,

351 3804 500 3862 Ecclesiae
523 3804 690 3864 catholicae.
967 3806 1136 3864 Intercedas
1160 3821 1213 3877 pro
1236 3804 1349 3862 misero.

309 4056 317 4070 .
351 4006 444 4069 Facta
465 4010 558 4068 crucis
578 4010 718 4082 martyria
883 4013 933 4074 13.
967 4009 1053 4072 Nunc
1077 4011 1209 4084 dignetur
1231 4006 1379 4085 apostolus

352 4095 435 4153 Fecit
456 4111 559 4168 magna
581 4096 714 4170 prodigia
967 4098 1091 4171 Aperire
1113 4113 1176 4153 cum
1199 4095 1327 4154 clavibus

352 4179 471 4239 Secutus
493 4198 546 4253 per
570 4182 697 4239 aetheria
968 4184 1105 4255 Regnum,
1118 4182 1195 4254 quod
1204 4183 1272 4240 olim
1280 4182 1443 4254 quaerimus

304 4316 307 4323 .
352 4265 515 4324 Christiana
539 4267 669 4342 vestigia.
969 4267 1028 4326 Nos
1057 4270 1198 4325 instantes
1228 4282 1298 4340 prae
1322 4266 1442 4331 loribus.

311 4516 318 4532 .
354 4468 518 4532 Gloriosum
541 4471 701 4543 apostolum
884 4474 934 4533 14.
969 4469 994 4531 (l
1016 4474 1177 4545 postulator
1199 4473 1329 4545 sublime,

353 4557 431 4615 Deus
454 4556 568 4615 ornavit
589 4557 689 4629 gloria,
967 4559 1008 4615 Te
1031 4573 1163 4631 rogamus
1185 4559 1309 4631 assidue,

352 4643 480 4702 Romana
502 4642 572 4699 urbs
595 4659 677 4714 quem
703 4638 826 4724 [inclita]
968 4645 1134 4703 Recordare
1155 4645 1312 4719 martyriae

353 4726 480 4799 Videbat
502 4743 565 4793 cum
588 4727 720 4803 victoria,
965 4729 1006 4798 Et
1028 4729 1165 4789 auxilium
1187 4729 1291 4793 tribum.
