3642 5550
514 621 661 688 Appendir.
679 646 714 657 -
732 625 761 672 Β.
787 622 852 673 Tres
870 622 964 688 hymni
981 620 1285 687 Anonymisdugiensis.

665 894 728 950 212.
756 896 907 965 „Hymnus
924 894 962 949 de
980 895 1089 950 saneta
1106 843 1235 950 ernuste‘

567 1054 594 1113 1.
630 1053 708 1112 Crux
730 1060 789 1130 tua,
813 1053 939 1128 Christe,
961 1054 1039 1112 salus
1062 1053 1217 1125 homiuum,

631 1138 762 1197 Abstulit
783 1154 866 1197 omne
888 1137 970 1198 nefas
991 1145 1130 1218 ueterum,

630 1227 705 1299 Quos
729 1225 811 1283 dolus
833 1225 961 1284 hostiens
982 1224 1102 1284 illicitos

632 1311 780 1385 Implieuit
802 1308 913 1373 violare
936 1310 1027 1373 cibos.

568 1485 597 1544 2.
631 1481 766 1541 Criminis
789 1480 872 1540 huius
894 1481 932 1540 ob
955 1484 1074 1543 exitium

633 1570 676 1627 Tu
699 1566 764 1642 pius
788 1582 818 1625 es
842 1568 926 1626 datus
949 1570 978 1627 in
1001 1568 1139 1641 pretium,‘

633 1653 769 1711 Surculus
791 1657 822 1711 ut
845 1669 954 1712 nocuus
976 1655 1078 1713 veniae

632 1740 756 1801 Cederet
777 1738 889 1797 arboris
911 1740 1061 1801 innocuae.
1117 1776 1120 1779 -
1210 1744 1214 1779 -’

569 1913 597 1972 3.
629 1909 693 1967 Hoo
714 1910 879 1969 venerabile
901 1910 990 1969 robur
1009 1911 1088 1969 humi
1148 1919 1150 1923 “

635 1996 703 2053 Post
725 1995 834 2054 obitum
856 1994 943 2058 latuit
961 1995 1077 2055 Domini

633 2081 776 2156 Tempora
799 2082 874 2156 regis
891 2085 930 2143 ad
951 2098 1041 2156 usque
1063 2084 1105 2156 pii

632 2166 679 2224 Ex
700 2168 813 2227 Helena
834 2169 979 2244 genetrice
1000 2170 1066 2233 sati.

570 2341 600 2401 4.
635 2341 697 2413 Quo
719 2340 798 2397 Latii
820 2346 907 2414 eaput
928 2339 1043 2413 imperii

632 2426 751 2498 Absque
773 2431 849 2483 metu
870 2424 1040 2483 moderante
1061 2426 1106 2501 sui

634 2512 704 2570 Cum
727 2511 825 2570 valida
847 2508 929 2570 furor
951 2510 1026 2569 huno
1047 2511 1109 2569 asie

635 2596 777 2669 Coeperat
798 2596 926 2656 hosticus
947 2596 1070 2674 irruere,

572 2771 601 2830 5.
637 2767 721 2828 Ilioet
742 2768 844 2832 auxius
865 2768 929 2841 ipse
949 2768 993 2826 sui

634 2854 777 2914 Redditus
799 2859 953 2929 estsuper
975 2853 1029 2910 hoo
1051 2853 1147 2930 animi,

635 2940 680 2998 Ne
702 2940 758 2998 sibi
780 2939 865 3012 eopia
886 2943 1063 3014 suppeteret,

634 3028 696 3098 Qua
717 3023 780 3085 fera
802 3030 922 3098 pectora
944 3025 1155 3097 comprimeret.

571 3201 600 3260 6.
635 3202 700 3276 Ast,
722 3196 773 3255 ubi
795 3195 873 3256 fessa
894 3196 992 3270 quiete
1013 3194 1114 3256 fovens

635 3283 764 3358 Corpora
784 3288 928 3344 straverat
948 3279 1052 3342 umbra
1072 3283 1170 3360 silens,

634 3369 707 3426 Tum
729 3385 816 3442 sopor
836 3368 980 3442 arripiens
1002 3368 1129 3428 animum
1259 3369 1261 3374 '

635 3454 778 3526 Principis
800 3454 924 3514 obtinuit
946 3455 1098 3517 tumidum.

522 3627 523 3630 ’
573 3628 602 3689 7.
634 3627 721 3702 ane,
744 3624 837 3700 figura
858 3625 952 3684 erucis
975 3625 1070 3694 medio

634 3712 747 3770 Euituit
769 3711 905 3771 rutilante
927 3711 1004 3787 polo,

637 3797 779 3870 Claraque
800 3814 857 3858 vox
878 3813 968 3870 super
987 3797 1121 3872 intonuit,

637 3884 746 3961 „Vince
767 3898 821 3956 per
842 3883 907 3955 hoc,
930 3884 978 3956 pie
1001 3879 1124 3942 Caesar“
1150 3883 1200 3945 ait.

572 4055 601 4114 8.
635 4054 765 4127 Denique
787 4071 839 4129 spe
861 4055 1001 4114 redeunte
1022 4053 1077 4111 sibi

634 4141 705 4199 Mox
728 4156 783 4213 ope
803 4157 861 4200 non
884 4140 990 4200 dubiae
1011 4137 1080 4223 fidei

635 4226 725 4284 Edita
746 4227 830 4299 signe
852 4227 945 4285 crusis
966 4225 1074 4299 populo

635 4309 764 4386 Signifer
785 4312 888 4370 extulit
909 4313 973 4385 ipse
995 4327 1056 4370 suo.

572 4485 601 4546 9.
636 4482 760 4541 Cernere
782 4498 900 4556 prorsus
923 4488 987 4540 erat
1010 4482 1131 4539 miseros

635 4568 683 4628 Sio
706 4568 776 4627 dare
797 4574 879 4642 terga
900 4566 969 4642 fuga
989 4567 1131 4644 trepidos,

635 4655 765 4727 Qualiter
785 4655 890 4714 arbore
911 4653 1035 4712 decidua

634 4740 727 4801 Arida
749 4745 851 4799 ventus
873 4740 934 4814 agit
955 4738 1035 4803 folia.
