3642 5550
489 635 511 685 Α
540 631 563 685 l.
590 634 692 699 Hymni
710 634 742 685 de
759 635 889 700 Tempore
907 635 1074 685 Communes.
1091 661 1126 667 —
1144 635 1231 685 Series
1249 635 1270 683 Ι.
1473 634 1493 695 5

626 904 655 960 2.
683 903 740 959 Die
758 903 919 959 Dominica
936 903 975 959 nd
993 903 1177 959 Nocturnas.

325 1064 359 1122 1.
394 1062 456 1120 Rex
478 1067 604 1136 aeterne,
626 1062 759 1137 Domine,

374 1145 498 1205 'Rerum
522 1155 635 1206 creator
657 1150 793 1221 omnium,

392 1233 447 1304 Qui
469 1249 534 1291 eras
556 1240 623 1291 ante
644 1235 760 1292 saecula

394 1319 515 1391 Semper
538 1334 600 1377 cum
624 1329 707 1393 patre
729 1319 816 1394 filins,

323 1490 356 1548 2.
390 1489 444 1559 Qui
466 1488 566 1546 mnndi
588 1489 617 1546 in
641 1490 801 1561 primordio

390 1574 486 1631 Adam
508 1574 660 1645 plasmasti
681 1574 834 1649 bominem,

391 1658 443 1717 Cui
466 1666 533 1717 tuae
555 1660 688 1733 imaginis

389 1745 507 1803 Vultum
533 1745 640 1803 dedisti
663 1746 804 1821 similem;

320 1917 354 1975 3.
388 1919 477 1987 Quem
501 1893 634 1975 diabolus
659 1917 822 1991 deceperat,
923 1918 972 1977 11.

388 2001 490 2059 Hostis
512 2001 629 2059 humaui
652 2003 783 2077 generis3

389 2085 478 2145 Cuius
501 2092 532 2144 tu
555 2086 678 2145 formam
702 2088 833 2160 corporis

388 2174 546 2231 desumere
569 2172 703 2245 diguatus
726 2188 766 2247 es,

320 2343 352 2401 4.
388 2341 431 2402 Ut
453 2341 596 2399 bominem
619 2343 787 2419 redimeres,

387 2427 477 2498 Quem
498 2433 565 2485 ante
587 2428 643 2486 iam
667 2429 873 2501 plasmaveras,

386 2511 427 2569 Et
449 2529 500 2569 nos
522 2513 585 2571 Deo
608 2514 794 2586 coniungeres

388 2598 446 2655 Per
468 2598 562 2656 carnis
585 2598 815 2659 contubernium.

320 2771 350 2829 5.
385 2770 477 2841 Quem
501 2768 610 2828 editum
634 2786 670 2829 ex
692 2770 804 2845 virgine

385 2856 520 2912 Pavescit
542 2856 633 2914 omnis
656 2857 761 2930 anima,

387 2941 446 3001 Per
468 2956 552 3013 quem
575 2956 627 2999 uos
649 2958 799 3016 resurgere

387 3025 500 3084 Devota
523 3034 618 3084 mente
641 3029 803 3105 credimus3

319 3198 349 3256 6.
386 3195 440 3265 Qui
462 3194 545 3253 uobis
568 3213 621 3269 per
643 3196 818 3269 baptismum
918 3199 969 3261 14.

386 3281 509 3339 Donasti
531 3281 749 3355 indulgentiam,

387 3367 443 3437 Qui
464 3366 634 3425 tenebamur
657 3369 779 3426 vinculis

384 3451 483 3525 Lignti
506 3453 712 3528 conscientiae;

319 3623 349 3682 7.
385 3621 440 3692 Qui
463 3638 577 3680 crucem
591 3629 713 3696 propter
728 3624 872 3683 bominem
918 3626 968 3686 15.

385 3706 539 3779 Suscipere
562 3708 696 3781 diguatus
719 3725 757 3787 es,
808 3758 810 3762 .

385 3791 501 3850 Dedisti
523 3799 603 3851 tuum
624 3796 792 3867 sanguinem

385 3877 511 3936 Nostrae
534 3879 636 3937 salutis
658 3881 795 3954 pretinm.

318 4046 349 4106 8.
383 4046 459 4105 Nam
473 4045 569 4109 velum
582 4050 683 4122 templi
695 4050 815 4108 scissum
828 4057 873 4109 est
918 4054 969 4114 16.

384 4132 425 4190 Et
447 4135 539 4191 omnis
562 4140 641 4194 terra
662 4135 789 4196 tremuit.

384 4217 430 4276 Tu
452 4219 557 4277 multos
581 4219 780 4279 dormientium

384 4303 586 4377 Resuscitasti,
609 4305 742 4363 Domine.

591 4477 640 4538 17.
671 4476 772 4535 Gloria
794 4477 857 4547 tibi,
880 4484 974 4557 pater,

672 4562 773 4620 Gloria
793 4565 943 4637 unigenito

944 1066 973 1125 9.
1007 1063 1052 1121 Tu
1074 1062 1164 1121 bostis
1186 1062 1297 1135 antiqui
1319 1063 1396 1121 vires
1503 1114 1507 1123 ,
1552 1120 1554 1123 ,

1007 1149 1064 1206 Per
1087 1163 1200 1206 erucem
1215 1148 1316 1205 mortis
1332 1153 1495 1223 conterens,

1008 1235 1071 1305 Qua
1092 1251 1144 1291 nos
1166 1232 1271 1307 signati
1294 1230 1436 1292 frontibus

1006 1320 1151 1397 Vexillum
1173 1318 1243 1377 fidei
1267 1316 1393 1380 ferimus.

965 1535 972 1550 .
1007 1486 1054 1550 Tu
1075 1490 1156 1547 illum
1180 1506 1197 1547 a
1220 1489 1303 1547 nobis
1326 1505 1442 1564 semper

1007 1576 1162 1647 Repellere
1186 1575 1359 1654 dignaveris,

1007 1661 1052 1717 Ne
1074 1677 1199 1733 unquam
1222 1661 1315 1733 possit
1337 1659 1455 1723 laedere

1007 1747 1186 1818 Redemptos
1208 1752 1259 1805 tuo
1282 1745 1428 1819 sangnine.

1008 1917 1061 1990 Qui
1090 1923 1212 1989 propter
1241 1934 1293 1974 nos
1319 1917 1358 1976 ad
1385 1914 1495 1975 inferos

1006 2002 1192 2060 Descendere
1216 2002 1349 2073 diguatus
1373 2018 1414 2075 es,

1005 2084 1052 2151 Ut
1073 2089 1174 2145 mortis
1197 2088 1376 2146 debitoribus

1006 2174 1091 2231 Vitae
1114 2174 1238 2231 donares
1261 2189 1389 2235 munera.

964 2387 971 2403 .
1006 2343 1073 2401 Tibi
1095 2349 1235 2401 nocturno
1258 2348 1388 2415 tempore

1004 2429 1150 2502 Hymunm
1181 2426 1321 2487 deflentes
1348 2429 1493 2489 canimus:

1005 2516 1125 2588 Ignosce
1147 2514 1238 2581 uobis,
1262 2515 1395 2589 Domine,

1007 2600 1127 2673 Ignosce
1150 2598 1364 2674 confitentibus,

962 2818 970 2834 .
1002 2772 1076 2843 Quia
1098 2780 1129 2831 tu
1151 2772 1234 2830 testis
1259 2779 1288 2830 et
1311 2771 1400 2831 iudex
1423 2787 1464 2846 es,

1005 2860 1093 2930 Quem
1117 2874 1200 2916 nemo
1221 2864 1316 2930 potest
1341 2855 1456 2925 fallere,

1004 2943 1123 3002 Secreta
1145 2943 1339 3003 conscientiae

1005 3027 1132 3090 Nostrae
1154 3029 1257 3086 videns
1280 3028 1411 3101 vestigia.

1004 3199 1048 3256 Tu
1070 3205 1232 3256 nostrorum
1256 3205 1404 3270 pectorum

1003 3284 1087 3341 Solus
1109 3283 1299 3356 investigator
1321 3299 1362 3357 es,

1004 3371 1049 3428 Tu
1071 3369 1221 3428 vulnerum
1244 3368 1393 3427 latentium

1003 3455 1100 3512 Bonus
1123 3454 1235 3512 assistis
1258 3455 1397 3515 medicus.

1002 3625 1109 3696 Tace,
1132 3624 1181 3698 qni
1204 3630 1284 3682 certo
1306 3631 1437 3697 tempore

1002 3711 1130 3769 Daturns
1152 3709 1237 3768 finem
1259 3710 1377 3783 saeculi,

1003 3797 1047 3854 Tu
1070 3803 1236 3853 cunctorum
1259 3796 1370 3853 meritis

1004 3883 1099 3940 Iustus
1123 3887 1322 3940 remunerator
1345 3898 1384 3940 es.

1004 4054 1046 4111 Te
1068 4068 1144 4129 ergo,
1168 4059 1284 4129 sancte,
1308 4070 1490 4129 quaesumus,

1003 4140 1045 4200 Ut
1067 4144 1167 4195 nostra
1189 4154 1271 4196 cures
1294 4140 1424 4211 vulnera,

1002 4224 1057 4295 Qui
1080 4240 1110 4280 es
1134 4240 1197 4281 cum
1219 4231 1313 4299 patre,
1336 4223 1424 4299 filine,

1003 4309 1123 4382 Semper
1153 4325 1217 4369 cnm
1247 4316 1348 4368 sancto
1374 4310 1488 4383 spiritu

672 4648 739 4708 Una
762 4664 825 4706 cum
848 4657 949 4708 sancto
971 4651 1076 4723 spiritu

671 4732 706 4791 In
729 4735 907 4807 sempiterna
929 4737 1053 4798 saecula.
