3642 5550
340 646 376 697 11.
404 646 445 695 De
461 646 575 696 Sanctis.
593 670 626 680 -
644 645 674 694 Β.
701 646 801 709 Hymni
819 645 851 695 de
869 646 974 697 Sanctis
991 647 1106 712 Proprii.
1141 648 1182 698 De
1200 662 1220 697 s.
1239 646 1370 699 Simeone.
1422 648 1485 711 223

589 916 651 973 lta.
677 915 713 970 In
731 929 757 972 s.
775 915 912 972 Remaoli
930 917 1133 975 l'raieotensis
1151 920 1204 989 llp.

463 1084 490 1137 1.
525 1078 635 1137 Lumen
657 1081 814 1147 aeternum,
837 1076 1002 1135 moderator
1023 1084 1194 1151 temporum,

525 1163 610 1222 Alme
632 1162 771 1220 bonorum
794 1168 969 1235 propagator
991 1163 1126 1240 omnium,

527 1248 655 1309 Palmam
677 1247 793 1305 invictis
815 1246 941 1319 largiens
962 1248 1114 1326 militibus,

525 1334 579 1409 Qui
600 1339 630 1391 te
652 1338 809 1406 sequuntur
831 1332 953 1391 laureati
976 1334 1078 1408 gloria,

463 1512 492 1567 2.
528 1507 647 1564 Festum
671 1504 796 1562 colentes
818 1503 861 1561 tui
884 1504 959 1562 sacri
981 1507 1124 1579 praesulis

524 1591 639 1651 Laudes
663 1588 835 1649 devoti·tibi
856 1589 920 1647 Deo
942 1592 1078 1670 canimus,

527 1676 613 1736 Cuius
635 1675 755 1734 obtentu
777 1690 938 1734 mereamur
959 1677 1100 1736 scandere

528 1762 632 1821 Aulam
655 1760 832 1836 praecelsam
855 1777 919 1818 cum
942 1762 1086 1838 triumpho
1110 1764 1244 1827 muneris.

464 1938 493 1995 3.
528 1933 570 1992 Te
591 1948 668 1991 nunc
690 1948 814 2001 oramus,
838 1937 937 1990 sancte
959 1933 1014 1991 Dei
1037 1933 1177 2009 pontifex,

528 2022 627 2092 Posce,
650 2023 682 2076 ut
704 2017 786 2076 nobis
809 2016 954 2077 tribuatur
975 2019 1058 2079 venia

532 2104 648 2163 Cunctis
671 2103 797 2162 subactis
820 2103 955 2162 vitiorum
977 2106 1114 2185 sentibus,
1214 2092 1219 2105 ’

528 2193 624 2264 Atque
647 2189 781 2264 perennis
804 2196 943 2262 augeatur
964 2191 1067 2264 gratia.

464 2370 492 2425 4.
527 2363 616 2423 Nulla
637 2378 689 2419 nos
711 2360 812 2421 mortis
834 2360 964 2420 saucient
985 2360 1123 2436 facinora,

528 2449 630 2507 Procul
654 2452 774 2519 peccata
796 2446 943 2518 pellantur
965 2454 994 2505 et
1015 2450 1145 2511 vulnera.

528 2534 628 2594 Hostis
650 2533 788 2591 caedatur
811 2547 873 2588 cum
897 2539 1001 2591 conatu
1024 2535 1164 2610 improbo,

530 2622 643 2696 Speque
666 2617 767 2677 salutis
790 2615 942 2677 foveantur
965 2620 1102 2693 languidi.

467 2799 495 2856 5.
530 2796 634 2853 Sancte
656 2792 801 2865 Remacle,
825 2791 932 2852 uostris
955 2790 1023 2853 fave
1046 2792 1180 2866 precibus

529 2882 605 2940 Vota
627 2883 792 2937 cunctorum
814 2879 958 2937 maiestati
980 2877 1111 2951 offerens,

531 2966 650 3038 Sintque
673 2965 816 3023 coniuncti
839 2964 1004 3038 angelorum
1027 2963 1152 3032 milibus,

531 3051 641 3123 Quique
665 3051 761 3110 devoti
783 3058 862 3109 tuum
886 3048 990 3108 festum
1013 3049 1171 3111 celebrant.

468 3227 496 3284 6.
532 3223 619 3296 Laus,
642 3222 741 3298 honor,
767 3221 857 3280 virtus
880 3225 966 3294 atque
987 3221 1145 3279 modulatio

532 3308 612 3367 Patri
635 3314 764 3381 natoque
781 3307 866 3364 simul
889 3312 917 3363 et
940 3307 1090 3380 paraclito,

531 3394 585 3464 Qui
609 3393 772 3452 dominatur
794 3393 887 3451 trinus
910 3401 939 3449 et
960 3409 1033 3450 uuus
1055 3392 1144 3467 DeuS,

531 3480 570 3538 Et
593 3495 711 3552 regnum
733 3479 794 3536 eius
817 3479 847 3535 in
868 3483 987 3536 aeterna
1010 3478 1133 3536 saecula.

380 3634 446 3683 Acta
469 3633 516 3683 SS.
540 3631 660 3682 Bolland.
685 3632 757 3695 Sept.
779 3632 806 3692 1,
830 3627 894 3693 6713
919 3631 969 3680 mit
992 3630 1037 3680 der
1062 3630 1183 3696 gleicheu
1200 3629 1416 3694 Quollenaugabe
1440 3631 1490 3679 wie

308 3704 380 3754 beim
400 3701 632 3766 vorhergehenden
649 3701 779 3764 Hymnus.
1524 3715 1528 3724 ·

599 3937 657 3991 lea.
685 3936 718 3990 In
738 3951 764 3992 a.
784 3934 933 3992 Simeonis
951 3934 1212 3991 Padoliranensis.

563 4099 591 4158 1.
625 4096 740 4155 Emicat
760 4096 836 4154 alma
858 4094 930 4169 dieo,
953 4094 1076 4152 Domino

626 4182 745 4241 Cantica
765 4181 884 4254 pangite
906 4197 971 4238 cum
992 4180 1091 4252 iubilo,

625 4268 686 4338 Qua
709 4268 832 4341 Simeon,
855 4282 939 4324 sacer
958 4265 1122 4340 eremitam,

626 4353 709 4412 Celsa
732 4351 833 4426 palatii
855 4351 970 4410 scandit
991 4367 1090 4413 ovans.

521 4509 530 4529 ⁸
562 4529 591 4586 2.
625 4525 779 4584 Stemmata
801 4522 906 4581 nobilis
929 4522 1033 4580 eximio

625 4610 777 4670 Schemate
797 4609 911 4667 vixerat
935 4608 1059 4682 egregio,

625 4697 734 4754 Terrea
756 4694 839 4767 liquit
861 4709 958 4753 amore
980 4693 1045 4765 Dei,

626 4783 749 4846 Pectore
771 4796 886 4854 semper
906 4779 1039 4839 adhaesit
1059 4778 1094 4837 ei.
