3642 5550
319 593 381 657 336

343 769 370 830 7.

624 593 690 643 Pars
708 590 741 643 ΙΙ,
780 594 934 658 Hymnodia
951 594 1194 645 Hiberno-Celtica.

405 762 571 829 Gloriosum
595 765 761 824 miraculum

405 853 591 926 Divulgatum
612 868 666 924 per
686 852 839 925 populum:

406 940 500 1000 Unum
523 937 630 996 occidit
653 938 771 996 uitulum

407 1024 505 1084 Servis
528 1023 582 1083 Dei
605 1023 776 1100 convivium,

406 1109 488 1168 Fecit
510 1110 672 1168 Mouenuae
694 1110 826 1169 meritum

405 1196 508 1255 Vivum
530 1194 631 1254 baberi
653 1196 767 1257 iterum.

365 1405 372 1421 .
405 1358 534 1419 Humilis
556 1363 620 1417 erat
641 1358 744 1436 auimo,

408 1445 534 1506 Excelsa
556 1449 651 1502 tamen
674 1444 788 1515 mento,

406 1533 526 1590 Terram
548 1529 650 1589 arabat
670 1531 784 1590 sarculo

353 1666 374 1672 ..
406 1617 599 1676 Eremitarum
621 1616 727 1686 studio,

348 1722 353 1742 2
406 1702 505 1761 Virum
528 1718 630 1776 gerens
653 1704 800 1774 proposito

323 1807 333 1857 ἡ
407 1791 441 1847 Iu
464 1804 585 1861 corpore
607 1786 740 1847 femineo.

329 1957 332 1961 ’
365 1997 372 2011 .
408 1930 516 2012 letoni
536 1951 566 2008 iu
589 1950 693 2024 rigore,

318 2030 340 2061 ’·
409 2040 442 2095 lu
466 2037 594 2095 caritatis
616 2036 731 2106 ardore,

407 2124 440 2181 Iu
461 2123 538 2181 omui
561 2121 635 2180 bono
657 2121 757 2180 labore

408 2211 532 2280 Propter
554 2208 707 2266 Dominum
729 2223 862 2283 propere,

408 2294 457 2353 Sic
479 2293 550 2351 vixit
574 2293 802 2367 omnitempore

409 2378 552 2439 Crucifixo
574 2380 630 2437 iam
655 2395 784 2451 corpore.

366 2580 373 2595 .
408 2533 512 2606 Masta,
536 2533 629 2591 electa
651 2532 792 2605 columba,

407 2617 551 2696 Perfecta,
575 2619 660 2676 matri
682 2619 772 2690 unita,

406 2706 514 2763 Turtur
536 2709 599 2762 erat
621 2705 781 2762 castissima

407 2793 485 2850 Voce
507 2796 626 2849 sonante
650 2791 773 2865 cognita,

406 2877 480 2934 Vitis
505 2893 582 2949 vera,
605 2875 749 2951 florigera,

407 2962 523 3022 Christo
546 2962 668 3020 Domino
692 2962 840 3034 condigna.

366 3161 373 3176 .
407 3115 542 3176 Lucerna
564 3121 627 3174 erat
648 3115 746 3174 lucida

324 3246 326 3250 ι
407 3204 442 3262 In
464 3202 573 3273 templo
594 3201 650 3259 Dei
672 3201 776 3278 posita,

323 3702 373 3759 12.

367 4327 373 4340 .
408 4278 539 4339 Narrant
559 4280 628 4337 item
652 4280 688 4338 de
710 4280 826 4338 vasculo
942 4283 992 4342 20.

407 3288 496 3361 Virga
518 3288 596 3346 Iesse
617 3285 731 3361 florida,

409 3373 542 3451 Pulchra,
566 3371 650 3433 fortis
673 3377 701 3429 et
723 3374 817 3444 unica,

406 3458 567 3533 Margarita
589 3458 792 3536 pulcherrima,

307 3631 309 3636 ,
407 3545 524 3621 Ornata,
548 3544 608 3616 regi
631 3543 748 3616 placita.

407 3697 543 3772 Magnam
567 3697 671 3755 struxit
694 3698 844 3757 ecclesiam
939 3702 987 3760 19.

407 3786 441 3842 ln
465 3783 588 3842 desertis
611 3783 764 3860 egregiam,
861 3827 863 3832 ,

407 3872 441 3928 In
463 3885 519 3942 qua
542 3868 648 3927 virtute
670 3869 795 3927 maxima

406 3954 490 4012 Fecit
511 3954 598 4012 laude
621 3955 806 4032 dignissima,

407 4037 580 4098 Defunctum
602 4057 687 4098 unum
710 4039 800 4099 filiam

408 4125 563 4184 Suscitavit
586 4130 755 4185 emortuam.

410 4366 517 4424 Mirum
542 4365 620 4423 dictu
642 4372 787 4440 argenteo,

408 4452 514 4524 Magno
536 4450 663 4509 immisso
684 4449 771 4510 fluvio

409 4536 507 4609 Longo
530 4541 671 4595 terrarum
695 4537 807 4610 spati03

409 4624 569 4681 Monennae
591 4629 663 4680 nutu
685 4639 810 4694 superno

410 4708 619 4766 Transmissum
650 4713 694 4766 est
715 4725 733 4766 a
755 4708 886 4766 Domino.

938 770 988 829 14.
1022 764 1047 828 0
1071 766 1181 826 Christi
1203 771 1332 825 sanctam
1354 765 1500 842 virginem,

1022 852 1135 912 Mariae
1158 853 1360 910 imitatricem!

1022 940 1046 999 0
1070 954 1156 996 verae
1179 938 1246 997 vitis
1268 937 1428 1013 palmitem,

1024 1024 1095 1083 Cum
1126 1024 1204 1082 omni
1234 1021 1332 1082 fructu
1353 1023 1499 1082 arborem!

1023 1113 1047 1171 0
1080 1110 1156 1185 regis
1185 1126 1320 1186 sponsam
1342 1108 1501 1181 sublimem,

1023 1197 1085 1254 Deo
1108 1212 1223 1268 semper
1243 1190 1416 1256 amabilem!

982 1405 990 1420 .
1024 1357 1261 1419 Patriarcharum
1285 1357 1399 1415 sinibus

1025 1446 1094 1504 eum
1119 1444 1218 1501 electis
1240 1443 1413 1517 virginibus,

1023 1531 1230 1604 Apostolorum
1254 1529 1384 1587 coetibus

1023 1615 1099 1675 Solis
1121 1615 1185 1673 luce
1208 1612 1401 1691 fulgentibus,

1024 1700 1187 1761 Sublimata
1209 1700 1368 1759 honoribus

990 1835 993 1840 .
1023 1786 1193 1845 Sanctorum
1216 1786 1261 1844 his
1286 1785 1440 1847 similibus.

982 1998 989 2012 .
1025 1948 1167 2030 Quantum
1192 1964 1305 2007 crucem
1328 1949 1474 2020 sustinuit,

1024 2037 1148 2094 Tantum
1178 2036 1266 2093 corde
1296 2033 1501 2110 congaudebit,

1025 2123 1168 2193 Quantum
1191 2121 1315 2179 Domino
1337 2122 1458 2194 placuit,

1025 2208 1149 2266 Tantum
1172 2207 1254 2280 signa
1276 2206 1453 2283 promeruit3

1024 2295 1165 2365 Quantum
1188 2292 1252 2351 Deo
1273 2291 1431 2362 oboedivit,

1025 2380 1148 2438 Tantum
1171 2378 1330 2453 praemium
1353 2378 1473 2452 accepit.

982 2579 989 2593 .
1024 2532 1127 2607 Regno
1151 2533 1295 2591 caelorum
1320 2530 1436 2605 fruitur,

1024 2620 1094 2678 Viro
1117 2619 1172 2677 Dei
1194 2618 1333 2691 reficitur,

1024 2706 1148 2765 Coelesti
1170 2721 1275 2763 manna
1299 2705 1397 2781 alitur,

1023 2794 1057 2850 In
1080 2791 1217 2866 paradiso
1240 2790 1380 2867 pascitur,

1024 2874 1060 2937 Iu
1082 2893 1138 2949 quo
1160 2895 1178 2934 a
1200 2876 1308 2934 sanctis
1331 2877 1446 2933 canitur

1022 2961 1498 3039 carmenquodnuuquamtinitur.

983 3163 990 3176 .
1022 3113 1105 3176 Stola
1127 3116 1230 3175 induta
1250 3115 1371 3188 gloriae,

1024 3201 1083 3274 Spe
1105 3217 1208 3260 secura
1229 3200 1370 3259 victoriae

1026 3289 1168 3360 Sponsum
1191 3287 1320 3360 sequitur
1341 3286 1448 3360 ubique

1024 3375 1058 3432 In
1082 3373 1154 3431 caeli
1176 3373 1339 3448 latitudine,

1025 3459 1193 3516 Electorum
1215 3459 1245 3516 in
1268 3458 1371 3517 ordine

1025 3542 1162 3620 Refulget
1182 3543 1251 3602 solis
1273 3542 1440 3617 splendore.

1023 3696 1185 3757 'Pransacta
1206 3704 1291 3755 nocte
1313 3697 1418 3766 media,

1024 3786 1103 3842 Voce
1125 3784 1267 3842 clamante
1289 3799 1428 3856 superna,

1024 3871 1096 3931 Gom
1118 3868 1253 3943 lampade
1274 3868 1444 3941 praelucida

1025 3957 1137 4029 Spouso
1159 3955 1286 4013 occurrit
1308 3954 1403 4026 obvia,

1025 4041 1168 4117 Prudens,
1193 4040 1297 4098 edocta
1319 4039 1391 4116 tilis,

1025 4126 1132 4200 Spousi
1153 4126 1258 4184 transit
1280 4127 1319 4185 ad
1341 4126 1457 4202 gaudia.

1026 4279 1138 4341 Urbem
1160 4279 1280 4338 intravit
1301 4295 1462 4353 supernam,

1026 4366 1185 4425 Caelestem
1207 4365 1424 4441 lerosolymam,

1027 4453 1136 4513 Sortita
1158 4456 1266 4509 vestem
1290 4451 1443 4511 candidam

1027 4539 1059 4596 In
1079 4537 1195 4596 modum
1217 4537 1287 4596 solis
1310 4537 1493 4611 splendidam,

1027 4625 1096 4681 Post
1117 4620 1275 4695 perlectam
1299 4624 1448 4681 victorium

1025 4708 1122 4768 Habet
1143 4708 1257 4767 laudem
1281 4713 1311 4766 et
1332 4709 1459 4782 glorian.
