3642 5550
319 612 382 677 244

584 613 649 661 Pars
668 612 689 661 1.
725 612 825 675 Hymni
844 611 1024 675 antiquissimi
1043 624 1111 660 saec.
1128 608 1245 661 v.—xl.

490 868 532 933 B.
565 867 654 933 Tres
676 865 845 950 „hymni“
866 863 1044 947 Anonymi
1065 864 1256 948 buglensis
1264 864 1323 951 (l).

576 1020 638 1076 210.
665 1022 818 1089 „Hymnus
837 1021 873 1075 de
891 1021 1020 1077 liondno
1040 1016 1236 1078 Salvatorc.“

325 1182 353 1242 1.
387 1183 532 1240 Aetemus
555 1179 633 1237 orbis
657 1179 797 1257 eonditor,

388 1266 528 1341 Christus,
551 1271 672 1338 parente
694 1281 750 1323 non
772 1265 875 1339 minor,

385 1352 525 1425 Originali
548 1358 677 1424 tempore

387 1439 529 1511 Dignatus
551 1437 648 1495 orbem
673 1438 806 1510 condere,

322 1596 350 1653 2.
388 1594 467 1652 Hora
489 1590 542 1648 sub
565 1591 619 1649 hac
643 1590 798 1648 novissima

385 1676 489 1736 Mundi
512 1677 615 1749 petivit
637 1675 734 1734 infima

388 1762 548 1823 Promissus
571 1767 638 1820 ante
661 1761 793 1834 plurimis

388 1847 568 1921 Propheticis
590 1848 725 1920 oraculis,

323 2008 352 2065 3.
387 2004 426 2063 Ut
449 2003 587 2075 providus
608 2002 753 2073 Ezechiel,

386 2088 500 2148 Corona
522 2088 616 2162 plebis
639 2088 761 2159 israhel,

388 2175 521 2235 Clausam
543 2175 654 2233 notavit
675 2175 789 2232 ianuam

387 2261 501 2320 Summo
524 2262 635 2318 tonanti
658 2260 795 2333 perviam.

321 2417 351 2476 4.
386 2416 463 2488 Ergo
486 2420 618 2473 manente
642 2415 782 2473 viseerum

386 2502 501 2559 Pudore
524 2500 707 2575 virginalium

387 2584 494 2647 Divina
516 2586 613 2659 proles
636 2592 748 2644 terreae

387 2672 424 2731 Se
446 2672 562 2732 miscuit
583 2672 771 2731 substantiae.

323 2833 352 2889 5.
389 2829 516 2886 Vacante
540 2827 699 2886 diversorio

386 2915 513 2973 Locatur
534 2914 563 2971 in
586 2914 756 2987 praesaepio

390 2999 520 3058 Caeleste
542 2999 685 3072 praebens
707 2998 842 3073 pabulum

387 3084 493 3144 sancto
515 3086 594 3159 gregi
617 3084 755 3144 fidelium.

325 3244 355 3301 6.
389 3240 478 3297 Vultu
501 3255 654 3299 coruscans
676 3241 793 3313 angelus

388 3328 474 3385 Hunc
497 3326 628 3398 prodidit
650 3325 832 3402 pastoribus;

390 3412 456 3469 Dux
480 3411 565 3468 stella
587 3411 706 3469 caelitus
728 3411 823 3484 Magis

388 3497 563 3555 Monstravit
586 3502 679 3555 ortum
701 3497 851 3572 principis.

327 3654 355 3712 7.
390 3652 467 3709 Hinc
489 3652 643 3710 saevientis
665 3652 777 3710 irritum

389 3738 491 3796 Evasit
513 3738 603 3796 hostis
624 3739 772 3813 impetum,

390 3823 480 3882 Sedes
503 3824 613 3898 Canopi
636 3825 782 3898 proximas
814 3899 817 3903 ⁴

390 3909 471 3983 Fuga
493 3910 601 3969 salubri
623 3911 761 3984 visitans,

326 4065 355 4126 8.
392 4064 450 4122 Sed
472 4062 601 4137 parvulis
623 4063 784 4123 insontibus

391 4150 501 4209 Caedes
524 4156 627 4221 parata
649 4151 805 4209 comminus

388 4235 486 4294 Primo
509 4234 621 4293 dicavit
637 4236 759 4295 hostiam

391 4322 469 4380 Arae
491 4321 546 4380 Dei
568 4323 771 4394 gratissimam.

331 4481 361 4539 9.
396 4478 457 4536 Nec
479 4478 556 4536 iussa
578 4478 649 4550 legis
671 4478 770 4538 abnuit

394 4562 526 4637 Servare,
550 4565 597 4637 qui
621 4564 711 4637 legem
735 4565 825 4639 dedit,

394 4647 470 4705 Dum
492 4649 548 4706 rite
570 4650 785 4710 circumciditur

394 4731 505 4805 Deique
527 4737 635 4809 templo
657 4735 777 4794 sistitur.

939 1180 988 1243 10.
1022 1180 1069 1238 Ad
1094 1186 1159 1238 vota
1180 1182 1248 1251 pust
1269 1177 1419 1237 sollemnia

1022 1266 1093 1325 Cum
1116 1266 1165 1323 lux
1188 1264 1299 1323 rediret
1320 1280 1421 1339 annua,

1021 1352 1123 1411 Comes
1145 1367 1218 1423 puer
1239 1348 1408 1423 parentibus

1021 1437 1127 1495 Sacrae
1149 1436 1226 1495 subit
1248 1437 1336 1494 limen
1360 1435 1459 1494 domus.

939 1591 988 1651 11.
1024 1590 1206 1649 Doctissimis
1229 1589 1277 1647 hic
1299 1588 1428 1662 patribus

1024 1677 1092 1736 Plus
1114 1676 1177 1751 ipse
1200 1675 1303 1733 doctus
1325 1675 1438 1733 additus

1023 1762 1087 1820 Non
1110 1778 1142 1820 se
1166 1761 1296 1820 docendo
1319 1759 1456 1833 praetulit,

1021 1848 1079 1906 Sed
1101 1847 1245 1906 audiendo
1268 1841 1408 1905 subdidit.

938 2004 988 2064 12.
1021 2002 1176 2061 Levandus
1198 2007 1300 2060 auctor
1323 2001 1429 2075 gratiae

1022 2087 1125 2149 Undae
1147 2087 1211 2146 sinu
1233 2087 1404 2146 Iordanicae

1023 2174 1106 2234 Omni
1129 2188 1230 2231 carens
1253 2172 1386 2246 contagio

1023 2259 1187 2319 Submissus
1211 2264 1256 2316 est
1278 2264 1308 2316 et
1330 2259 1445 2317 servulo.

938 2415 987 2477 13.
1021 2415 1140 2472 Accitns
1163 2418 1192 2472 et
1213 2414 1355 2473 conviviis

1023 2500 1088 2559 Nou
1110 2505 1179 2558 nata
1198 2500 1266 2557 vina
1288 2500 1397 2573 nuptiis

1023 2586 1080 2644 llla
1102 2585 1184 2644 dedit
1204 2586 1348 2658 potentie,

1023 2669 1079 2731 Per
1100 2688 1184 2745 qnam
1208 2672 1320 2730 creavit
1342 2672 1441 2731 omnia.

937 2829 988 2888 14.
1022 2832 1149 2902 Quantos
1170 2828 1297 2886 iubendo
1321 2827 1461 2901 languidos

1022 2913 1159 2972 Effecerit
1181 2914 1360 2988 sanissimos,

1024 3000 1086 3057 Nec
1107 3016 1187 3057 mens
1210 3006 1306 3072 potest
1331 3000 1461 3067 evolvere,

1025 3086 1086 3143 Nec
1108 3102 1165 3144 vox
1188 3084 1266 3142 valet
1289 3086 1458 3159 depromere.

941 3242 991 3302 15.
1025 3242 1152 3312 Quantos
1175 3240 1211 3298 ab
1234 3241 1298 3312 ipso
1320 3236 1420 3299 inneie

1026 3327 1110 3385 Vitae
1131 3324 1256 3384 referret
1278 3328 1427 3399 pristinae,

1027 3412 1187 3470 Praedatns
1210 3412 1311 3470 horret
1334 3418 1457 3478 tartarus.

1028 3497 1143 3555 Dii-atus
1166 3498 1294 3555 exsultat
1316 3499 1409 3570 polus.

941 3656 990 3714 16.
1028 3653 1174 3725 Numquid
1183 3651 1350 3725 pedestrem
1360 3652 1477 3712 tramitem

1025 3739 1124 3798 Pressi
1146 3739 1234 3796 maris
1258 3740 1445 3812 pronuntiem,

1025 3826 1096 3885 Cum
1119 3840 1150 3882 se
1172 3825 1283 3883 tonanti
1306 3828 1442 3885 sterneret

1025 3911 1155 3985 Fluctus,
1179 3909 1322 3984 mtusqne
1345 3904 1466 3971 cederet?

943 4066 993 4127 17.
1027 4065 1128 4137 Quiris
1151 4065 1279 4123 virorum
1302 4064 1418 4123 milibus

1027 4152 1074 4210 Ex
1096 4150 1221 4223 quinque
1243 4149 1354 4210 victum
1375 4146 1477 4226 panibus

1028 4235 1104 4296 Satis
1127 4251 1271 4309 superque
1294 4236 1427 4309 praebuit

1025 4322 1177 4398 Augendo,
1200 4323 1278 4395 quod
1301 4320 1448 4396 superfuit

945 4481 995 4542 18.
1028 4479 1074 4538 Ex
1096 4477 1182 4551 plebe
1203 4482 1370 4538 sanctorum
1391 4474 1472 4536 trihus

1028 4564 1131 4624 Coram
1153 4563 1257 4623 locatis
1277 4564 1401 4623 testibus

1030 4650 1067 4709 Se
1088 4642 1296 4723 transfigurans
1319 4649 1351 4710 in
1372 4663 1465 4708 novam

1030 4737 1072 4798 Ut
1092 4736 1136 4794 sol
1158 4732 1275 4800 refulsit
1295 4736 1425 4810 glorian.
