3642 5550
334 613 375 676 14
592 612 659 662 Pars
677 612 698 660 Ι.
734 612 834 676 Hymni
853 611 1034 677 antiquissimi
1053 626 1122 661 saec.
1139 610 1254 661 V.—XI.

354 789 383 848 3.
421 786 465 843 Tu
487 800 557 842 vera
579 785 629 842 lux
652 782 791 861 fidelium,
973 785 1000 845 7.
1037 784 1142 842 Vinum
1166 789 1291 842 mentem
1314 799 1371 841 non
1394 788 1515 857 occupet

416 872 504 943 Quem
527 870 574 927 lex
597 877 716 929 veterna
734 886 790 927 non
807 874 894 940 tenet,
1032 869 1185 928 Ebrietate
1206 869 1336 944 perdita,

416 956 537 1013 Noctem
557 971 611 1013 uec
632 964 697 1013 ortu
720 955 886 1029 succedens,
1034 954 1092 1013 Sed
1115 963 1214 1013 nostro
1236 954 1333 1013 sensui
1348 960 1512 1026 competens

416 1042 545 1101 Aeterno
569 1038 681 1114 fulgens
703 1041 819 1117 lumine,
1035 1040 1127 1099 Tuum
1150 1040 1281 1098 bibamus
1304 1039 1451 1112 poculum.

351 1198 380 1258 4.
415 1195 542 1269 Christe,
567 1210 721 1267 precamur
743 1194 838 1253 adnue
971 1197 1001 1254 8.
1037 1194 1196 1253 conservet
1219 1194 1300 1267 pacis
1323 1190 1445 1253 foedera

417 1280 574 1340 Orantibus
597 1279 689 1338 servis
711 1280 780 1353 tuis,
1033 1280 1099 1337 Non
1122 1280 1256 1338 simulata
1278 1279 1395 1349 caritas,

417 1364 560 1439 Iniquitas
583 1366 655 1423 haec
678 1365 788 1423 saeculi
1035 1365 1092 1424 Sed
1113 1365 1226 1423 illibata
1249 1365 1368 1423 castitas

415 1452 460 1509 Ne
483 1458 610 1509 nostram
635 1450 764 1524 captivet
786 1448 883 1513 fidem.
1035 1450 1216 1509 Credulitate
1237 1449 1362 1523 perpeti.

349 1608 379 1665 5.
414 1605 480 1662 Non
504 1605 660 1677 cogitemus
682 1604 781 1679 impie,
968 1607 997 1665 9.
1031 1603 1186 1663 Addendis
1209 1620 1267 1662 non
1290 1604 1327 1661 sit
1349 1602 1480 1675 praediis

413 1690 596 1747 Iuvidcamus
619 1689 735 1761 nemini,
1032 1690 1202 1749 Malesuada
1225 1704 1340 1762 semper
1362 1686 1458 1763 famis,

413 1777 500 1835 Laesi
521 1792 558 1832 ne
579 1774 733 1833 reddamus
757 1775 860 1851 vicem,
1032 1775 1063 1834 Si
1085 1772 1206 1834 affluant
1230 1774 1359 1840 divitiae,

412 1861 568 1917 Vincamus
591 1860 620 1917 in
643 1861 717 1918 bono
740 1861 854 1923 malum.
1034 1860 1196 1933 Prophetae
1210 1876 1262 1918 nos
1278 1860 1407 1933 psalmus
1419 1863 1509 1932 regat.

349 2017 379 2075 6.
413 2014 500 2072 Absit
523 2013 630 2071 nostris
653 2030 669 2069 e
692 2015 827 2073 cordibus
947 2016 996 2073 10.
1031 2017 1160 2084 Praesta,
1183 2019 1269 2087 pater
1290 2014 1428 2089 ingenite,

412 2102 471 2169 Ira,
496 2099 588 2172 dolus,
612 2099 757 2173 superbia,
1031 2101 1134 2159 Totum
1159 2099 1297 2157 ducamus
1318 2099 1426 2170 iugiter

414 2184 546 2243 Absistat
569 2185 701 2257 avaritia,
1032 2185 1159 2244 Christo‘
1170 2186 1319 2257 placentes
1340 2184 1418 2241 hunc
1433 2183 1507 2241 diem

410 2271 555 2328 Malorum
578 2270 663 2327 radix
686 2269 822 2330 omnium.
1031 2270 1137 2329 Sancto
1160 2270 1264 2342 repleti
1286 2270 1402 2342 spiritu.

392 2421 476 2471 Psalt.
501 2426 528 2470 et
544 2422 643 2482 Hymn.
665 2437 712 2469 ms.
731 2422 823 2470 inccrt.
842 2422 944 2486 orginis
962 2436 1032 2471 saec.
1050 2417 1093 2473 ⁸7⁹.
1129 2421 1193 2471 Cod.
1211 2422 1334 2470 Vatican.
1352 2422 1448 2485 Regin.
1468 2416 1507 2468 11.

324 2489 355 2540 A.
373 2518 408 2524 —
426 2490 493 2540 0011.
514 2505 561 2538 ms.
579 2490 753 2539 Murbacense
770 2486 944 2556 (Augiense‘l)
961 2504 1030 2539 saec.
1047 2486 1082 2552 (8.
1100 2487 1135 2553 et)
1152 2486 1176 2538 9.
1207 2489 1272 2539 Ood.
1285 2490 1417 2540 Oxonien.
1431 2487 1506 2537 Bodl.

323 2560 381 2608 Iun.
411 2555 453 2607 25.
479 2559 509 2607 Β.
528 2583 561 2591 -
580 2557 689 2606 Collect.
714 2562 741 2606 et
763 2559 862 2622 Hymn.
887 2574 935 2607 ms.
959 2558 1119 2608 Corbeieuse
1142 2573 1210 2607 saec.
1237 2554 1259 2606 9.
1303 2557 1366 2607 eod.
1390 2555 1508 2605 Parisin.

326 2624 358 2676 14
365 2623 424 2676 088.
443 2627 472 2676 0.
491 2654 524 2662 —
542 2626 624 2675 Psalt.
644 2632 670 2675 et
687 2626 784 2690 Hymn.
804 2642 852 2676 ms.
865 2623 1053 2676 Rheuoviense
1071 2642 1140 2676 saec.
1152 2623 1177 2675 9.
1209 2626 1273 2676 Ood.
1285 2625 1409 2674 Turicsn.
1422 2623 1507 2675 Rhen.

326 2691 367 2744 34.
387 2696 420 2744 D.
440 2724 471 2730 -
493 2691 516 2754 1,
534 2693 551 2744 4
570 2693 670 2745 Christi
688 2695 799 2744 fatentes
819 2697 933 2759 gratiam
944 2694 977 2754 A,
995 2696 1093 2744 fatente
1111 2697 1199 2760 gratia
1217 2695 1245 2744 C.
1259 2720 1292 2728 -
1304 2690 1328 2753 2,
1347 2690 1364 2742 2
1382 2693 1508 2752 condens,

324 2766 372 2813 mit
399 2763 575 2829 eingefiigtem
596 2758 635 2827 „i“
655 2763 721 2813 tiber
738 2763 784 2812 der
801 2764 880 2814 Linie
898 2763 1028 2813 zwischen
1047 2763 1064 2813 d
1082 2764 1135 2813 und
1153 2779 1168 2812 e
1186 2762 1217 2826 A,
1241 2762 1364 2813 condedit
1383 2761 1412 2812 (l.
1430 2787 1464 2796 —
1482 2756 1506 2822 2,

324 2829 453 2882 3Eterre
472 2831 500 2885 C.
519 2858 552 2866 --
570 2829 600 2891 3,
625 2827 642 2879 2
662 2832 704 2881 lex
723 2838 844 2895 aeterna,
868 2831 898 2882 A.
917 2859 951 2867 —
969 2829 999 2892 3,
1023 2829 1151 2882 3Noctis
1169 2847 1218 2881 nec
1235 2837 1309 2880 ortus
1327 2830 1450 2880 occidens
1468 2829 1508 2892 A,

323 2906 381 2950 orto
400 2901 542 2950 succedens
561 2902 594 2961 Β,
614 2905 674 2949 ortu
691 2900 788 2949 sucidis
807 2901 836 2950 G.
856 2926 888 2936 -
906 2897 931 2961 3,
949 2898 967 2949 4
984 2901 1064 2966 fulgis
1084 2901 1113 2951 O.
1127 2926 1158 2933 -
1171 2897 1196 2959 4,
1217 2896 1229 2948 1
1250 2900 1351 2948 adnuae
1367 2899 1399 2958 A,
1418 2899 1505 2948 abnue
1579 2935 1582 2948 .

324 2969 352 3019 O.
370 2995 406 3003 -
422 2966 447 3029 4,
471 2964 638 3032 3Iniquitas
656 2985 690 3018 ue
709 2970 808 3017 saeculi
827 2971 857 3018 A.
878 2995 905 3004 -·
929 2967 954 3030 4,
977 2967 1051 3019 4Ne
1069 2969 1135 3018 fehlt
1152 2970 1182 3017 A.
1202 2996 1234 3004 -
1253 2965 1277 3027 5,
1301 2965 1313 3016 1
1333 2967 1409 3017 Nach
1430 2967 1506 3031 „Non

323 3054 354 3088 co
373 3033 421 3070 —“
442 3037 530 3086 direkt
548 3038 780 3101 iibergespruugen
799 3039 827 3086 in
845 3037 887 3086 dic
906 3038 986 3087 dritte
997 3037 1082 3088 Zeile:
1101 3037 1240 3086 reddamus
1255 3039 1349 3095 vicem,
1367 3035 1421 3084 und
1434 3035 1506 3085 darm

323 3107 412 3170 spiiter
429 3105 588 3170 korrigiert:
605 3106 666 3155 Non
685 3121 736 3169 quo
756 3106 894 3154 reddamus
914 3107 942 3154 in
958 3103 1054 3169 (dieses
1072 3107 1138 3156 iiber
1155 3105 1202 3154 der
1219 3102 1307 3166 Linie)
1324 3105 1410 3152 vicem
1429 3102 1461 3153 A.
1474 3129 1509 3136 —

322 3171 351 3234 5,
379 3169 490 3223 3Laesi
509 3189 562 3222 non
580 3175 720 3223 vincamus
738 3171 861 3232 (dariiber
879 3175 1029 3231 reddamus)
1046 3175 1075 3224 C.
1093 3200 1127 3208 -
1145 3171 1176 3233 5,
1196 3171 1213 3222 4
1231 3173 1328 3222 bonum
1347 3172 1447 3221 malum
1466 3170 1508 3233 0.;

322 3243 368 3292 cir.
391 3243 437 3293 Nr.
455 3239 480 3301 3,
507 3241 558 3290 Str.
576 3237 601 3302 3,
621 3239 645 3290 2.
665 3268 697 3276 -
716 3241 740 3299 6,
762 3240 774 3290 l
794 3258 826 3290 ex
843 3242 874 3291 A.
892 3268 927 3277 —
946 3239 969 3302 7,
988 3239 1004 3291 2
1022 3242 1160 3292 Ebrietate
1176 3238 1266 3302 (atem
1286 3239 1317 3303 C)
1334 3243 1436 3304 perpeti
1452 3237 1509 3301 (cfr.

322 3308 346 3372 8,
371 3309 397 3373 4)
416 3309 468 3359 BC.
489 3339 521 3345 —
541 3307 564 3369 7,
588 3306 664 3361 3sit
682 3311 780 3359 nostris
799 3312 921 3361 sensibus
941 3316 1104 3375 competens,
1128 3310 1271 3374 horrigiert
1288 3311 1329 3357 in:
1355 3310 1397 3359 Sit
1417 3312 1510 3357 noster

322 3395 416 3430 sensus
437 3383 589 3442 competens
607 3380 644 3441 A3
663 3387 753 3428 nostro
772 3395 852 3427 sensu
870 3380 899 3430 O.
918 3406 953 3413 -
971 3376 994 3438 7,
1011 3376 1029 3428 4
1047 3379 1169 3443 pocolum
1189 3379 1218 3428 C.
1230 3404 1265 3411 -
1276 3373 1301 3435 8,
1319 3374 1390 3426 3Sit
1402 3376 1509 3426 illibata

321 3449 352 3499 A.
370 3473 405 3482 ·-
423 3445 447 3505 9,
475 3444 487 3495 1
507 3446 635 3495 Adtendis
654 3441 684 3496 C.
704 3474 737 3482 -
756 3445 779 3507 9,
799 3444 815 3496 2
832 3447 906 3497 Mala
924 3447 1018 3496 suadat
1036 3448 1065 3497 C.
1082 3474 1117 3480 —
1135 3444 1160 3507 9,
1177 3443 1193 3496 3
1213 3448 1250 3497 Ut
1265 3447 1378 3495 sefluant
1395 3445 1509 3494 divitiae

321 3517 357 3581 -A;
383 3517 501 3565 Divitiae
520 3517 543 3563 si
561 3515 672 3564 affluant
689 3516 718 3565 C.
737 3541 769 3549 —
788 3512 812 3575 9,
829 3513 847 3564 4
865 3515 1025 3580 Prophetiae
1043 3514 1128 3577 non(!)
1145 3515 1263 3579 psalmus
1283 3513 1408 3577 redgatll)
1425 3513 1455 3564 C.
1473 3541 1508 3549 -·

322 3582 363 3645 10,
385 3581 403 3633 4
428 3584 531 3647 repletu
549 3582 577 3632 O.
595 3610 629 3616 -
647 3585 678 3632 ln
697 3585 721 3633 D
740 3585 776 3632 ist
792 3599 854 3633 vom
871 3599 973 3648 ganzen
991 3586 1114 3647 Hymnus
1132 3600 1182 3632 nur
1200 3585 1244 3632 ein
1262 3584 1388 3646 winniges
1408 3580 1508 3631 Bruch-

320 3653 398 3703 stdck
423 3650 556 3710 erhalten,
579 3650 693 3700 niimlich
718 3668 771 3701 von
789 3649 819 3712 5,
845 3649 873 3701 1:
898 3654 1044 3716 cogitemus
1067 3654 1156 3716 impie.
1174 3676 1208 3686 -
1226 3650 1276 3699 Am
1294 3650 1421 3700 Schlusse
1438 3650 1508 3698 noch

322 3718 447 3787 „Gloria“
471 3722 502 3770 A.
521 3747 556 3754 -
576 3721 706 3785 „Himnus
730 3720 774 3770 die
796 3721 884 3770 sabati
908 3717 1051 3770 dicendus“
1075 3722 1110 3782 A,
1136 3721 1211 3784 „VIL
1237 3715 1311 3768 Fer.“
1332 3718 1361 3767 G.

775 3940 820 3995 12.
848 3941 891 3995 Ad
910 3939 1055 3995 Prlmam.

322 4062 350 4125 1.
385 4062 604 4122 Postmetutinis
627 4064 770 4147 laudibus,
939 4068 967 4126 3.
1002 4064 1164 4124 Psallamus
1186 4069 1281 4120 mente
1304 4063 1438 4142 Domino,

386 4150 462 4219 Quas
485 4149 608 4207 trinitati
630 4150 791 4222 psallimus,
1002 4150 1163 4209 Psallamus
1185 4149 1270 4205 simul
1293 4156 1322 4205 et
1345 4149 1461 4224 spiritu,

384 4234 545 4292 Psallamus
568 4251 677 4306 rursus,
701 4234 838 4292 admonet
1003 4235 1047 4292 Ne
1070 4252 1143 4307 vaga
1166 4249 1245 4291 mens
1268 4234 1296 4290 in
1319 4235 1454 4307 turpibus

384 4320 478 4377 Verus
500 4325 584 4392 pater
606 4318 743 4382 familias.
1002 4321 1113 4377 inertes
1136 4326 1212 4392 tegat
1235 4319 1355 4394 animos

318 4458 349 4520 2.
384 4454 478 4514 Simus
502 4471 615 4528 semper
637 4455 765 4525 solliciti,
937 4461 968 4516 4.
1003 4455 1061 4514 Sed
1084 4456 1192 4527 septies
1212 4455 1242 4513 iu
1266 4456 1320 4512 hac
1345 4455 1392 4513 die

382 4541 427 4599 Ne
449 4546 614 4615 praetereat
637 4558 708 4612 opus
731 4540 797 4615 Dei,
1001 4541 1138 4599 Dicamus
1161 4541 1263 4599 laudes
1285 4540 1420 4616 Domino,

382 4625 440 4682 Sed
463 4642 575 4683 oremus
598 4626 708 4698 sedule,
1000 4626 1155 4685 Divinitati
1177 4629 1291 4699 perpeti

383 4707 466 4767 Sicut
489 4710 572 4769 docet
594 4713 752 4793 apostolus.
1000 4712 1105 4770 Debita
1129 4713 1227 4770 demus
1251 4711 1370 4787 gloriae.
