3642 5550
327 612 367 713 27
371 649 390 712 8
634 644 701 693 Pars
719 641 754 692 Π.
789 637 942 706 Hymnodia
959 640 1201 693 Hiberna-Celtica.

328 824 378 883 19.
412 815 496 878 'suba
517 817 604 891 primi
626 814 793 889 archangeli

412 906 566 978 Strepente
588 900 752 961 admirabili

411 991 572 1064 Erumpent
592 988 782 1046 munitissima

413 1077 547 1138 Claustra
570 1091 604 1133 ac
627 1072 800 1147 poliandria,
867 1108 871 1113 ι

411 1163 514 1221 Mundi
537 1160 698 1236 praesentis
712 1156 826 1231 .frigola

409 1249 563 1306 Hominum
587 1245 760 1304 lucescentia

412 1333 549 1407 Undique
572 1329 809 1405 conglobantibus

409 1414 459 1480 Ad
483 1419 666 1492 compagines
689 1416 811 1488 ossibus,

408 1505 567 1564 Animabus
590 1503 768 1563 aethralibus

408 1591 528 1650 Eisdem
550 1589 732 1650 obviantibus

407 1678 587 1750 Rursumque
610 1674 796 1734 redeuntibus

408 1762 521 1820 Dabitis
544 1761 751 1821 mansionibus,

367 1972 374 1985 .
408 1925 541 2002 Uagatur
563 1943 598 1983 ex
622 1926 787 1982 climactera

409 2011 500 2071 Orion
523 2013 594 2069 caeli
617 2011 735 2069 cardine

408 2098 555 2156 Derelicto
579 2096 710 2170 Virgilio,

408 2185 561 2242 Astrorum
585 2181 830 2258 splendidissimo,

407 2272 463 2329 Per
487 2275 577 2327 metas
600 2268 700 2324 Thetis
723 2268 813 2340 ignoti

406 2355 562 2414 Orientalis
585 2353 705 2424 circuli3

406 2440 511 2499 Girans
535 2441 622 2497 certis
644 2437 813 2513 ambagibus

407 2526 495 2584 Redit
517 2525 621 2598 priscis
644 2523 798 2591 reditibus,

406 2610 509 2669 Oricru
531 2618 598 2683 post
620 2610 766 2668 biennium

407 2697 571 2771 Vesperugo
593 2698 622 2753 in
645 2711 815 2769 vesperum;

405 2783 527 2855 Sumpta
549 2783 577 2840 in
601 2780 828 2855 problematibus

406 2869 538 2941 Tropiois
561 2868 769 2927 intellectibus.

942 813 993 873 21.
1025 810 1128 873 Xristo
1151 815 1188 874 de
1209 816 1298 875 caelis
1319 816 1445 878 Domino

1024 900 1226 960 Descendente
1249 903 1411 964 celsissimo

1026 985 1225 1062 Praefulgebit
1248 988 1441 1050 clarissimum

1025 1070 1142 1146 Signum
1175 1074 1269 1131 crucis
1299 1081 1329 1134 et
1355 1079 1499 1152 vexillum,

991 1202 995 1210 .
1025 1158 1179 1232 Tectisque
1200 1160 1392 1221 luminaribus

957 1261 959 1270 ·
1024 1244 1143 1303 Duobus
1166 1244 1376 1319 principalibus

1026 1330 1139 1389 Cadent
1160 1331 1190 1390 in
1212 1337 1321 1393 terram
1344 1335 1444 1394 sidera

1025 1416 1066 1475 Ut
1088 1414 1199 1475 fructus
1222 1418 1259 1476 de
1279 1418 1414 1496 ficulnea,

1026 1502 1147 1575 Eritqne
1169 1504 1269 1563 mundi
1293 1506 1419 1579 spatium

1027 1588 1067 1647 Ut
1089 1586 1214 1648 fornacis
1236 1591 1418 1669 incendium3

1027 1673 1107 1731 Tune
1137 1675 1167 1733 in
1196 1678 1335 1735 montium
1362 1680 1499 1754 specubus

1026 1758 1215 1818 Abscondent
1237 1778 1269 1821 se
1292 1766 1445 1825 exereitus.

940 1927 991 1984 22.
1025 1922 1185 1983 Ymnorum
1209 1927 1390 1987 cantionibus

1024 2010 1360 2089 Sedulogtinnientibus

1023 2096 1173 2168 Tripudiis
1195 2098 1302 2156 sanctis
1326 2100 1441 2159 milibus
1493 2139 1495 2145 ·

1023 2182 1199 2254 Angelorum
1222 2186 1410 2245 vernantibus

1022 2268 1217 2341 Quattuorque
1240 2271 1417 2342 plenissimis

1023 2353 1205 2411 Animalibus
1227 2356 1319 2414 oeulis

1023 2438 1093 2496 Cunr
1117 2439 1217 2511 viginti
1241 2438 1377 2501 felicibus
1454 2485 1457 2493 ·

1023 2525 1164 2596 Quattuor
1187 2527 1363 2604 senioribus,

1022 2609 1149 2669 Coronas
1171 2612 1391 2671 admittentibus

1023 2696 1099 2767 Agni
1122 2696 1178 2753 Dei
1199 2696 1252 2755 sub
1275 2699 1408 2778 pedibus,

1023 2782 1174 2841 Laudatur
1196 2784 1289 2843 tribus
1312 2786 1423 2845 vicibus

1024 2868 1152 2926 Trinitas
1174 2871 1379 2930 aeternalibus.

629 3033 679 3092 23.
714 3028 801 3088 Zelus
823 3030 897 3103 iguis
920 3027 1091 3089 furibundos
1136 3049 1149 3092 ’,

714 3117 867 3175 Cousnmet
888 3116 1071 3174 adversarios

714 3201 852 3258 Nolentes
875 3201 1021 3260 Christum
1043 3202 1162 3260 credere

714 3286 776 3344 Deo
798 3304 816 3344 a
838 3292 922 3359 patre
945 3288 1066 3348 venisse.

713 3371 774 3429 Nos
798 3388 865 3430 vero
888 3372 1063 3432 evolabimus

716 3456 836 3516 Obviam
860 3459 887 3515 ei
909 3459 1042 3532 protinus

713 3543 752 3600 Et
777 3544 819 3600 sio
841 3560 905 3601 oum
928 3546 991 3617 ipso
1014 3546 1120 3604 erimus

715 3629 749 3686 In
774 3628 895 3688 dirersis
919 3630 1069 3689 ordinibus

712 3713 891 3787 Dignitatem
911 3733 965 3788 pro
988 3718 1098 3774 meritis

714 3800 908 3859 Praemiorum
931 3804 1078 3875 perpetuis

713 3888 896 3944 Permansuri
919 3888 948 3944 in
970 3889 1062 3961 gloria

714 3974 740 4029 A
763 3973 885 4030 saeculis
908 3973 939 4031 in
962 3975 1085 4036 saecule.

387 4156 469 4205 Liber
499 4173 545 4206 ms.
564 4156 703 4206 Bobiensis
731 4158 764 4208 de
790 4160 853 4208 Vita
880 4161 1094 4225 contemplativa
1120 4163 1362 4229 Pseudo-Prosperi
1388 4163 1496 4227 (Juliani

319 4221 465 4286 Pomeriii)
488 4240 555 4274 saec.
574 4221 598 4273 9.
617 4226 681 4275 Cod.
700 4226 867 4276 Ambrosian.
891 4229 921 4277 M
938 4226 979 4279 32.
999 4245 1055 4295 sup.
1074 4227 1098 4278 4.
1117 4231 1148 4279 A.
1167 4259 1201 4265 -
1218 4232 1300 4282 Liber
1317 4248 1367 4283 ms.
1386 4234 1420 4284 de
1438 4236 1496 4285 Vita

320 4293 532 4358 Contemplativa
549 4308 617 4343 saec.
636 4292 659 4343 9.
680 4295 743 4345 Cod.
763 4296 850 4345 Schol.
869 4297 964 4346 Medic.
983 4298 1217 4363 Montispessulan.
1235 4297 1294 4350 218.
1313 4302 1345 4350 Β.
1364 4329 1399 4339 -
1418 4298 1497 4353 Liber

319 4378 366 4410 ms.
379 4362 555 4411 Floriacensis
568 4362 600 4411 de
609 4364 674 4412 Vita
683 4364 896 4428 Contemplativa
908 4381 977 4416 saec.
991 4364 1030 4416 10.
1043 4369 1079 4417 in.
1101 4368 1165 4418 Cod.
1174 4369 1346 4419 Aurelianen.
1360 4368 1411 4422 169
1422 4368 1496 4434 (146).

320 4430 349 4479 C.
367 4457 401 4463 -
418 4430 500 4479 Liber
517 4446 566 4480 ms.
576 4433 727 4495 Tegurinus
746 4433 778 4482 de
790 4435 853 4483 Vita
866 4435 1078 4499 Contemplativa
1096 4452 1163 4487 saec.
1183 4434 1250 4488 ¹⁰l11.
1280 4438 1347 4491 eim.
1359 4441 1498 4490 Monacen.

321 4495 416 4548 18665.
440 4501 472 4548 Ι).
499 4526 531 4534 -
550 4501 648 4562 Hymn.
672 4516 720 4550 ms.
738 4503 913 4552 Hibernieum
939 4519 1006 4553 saec.
1028 4503 1497 4559 11.in.00d.0011.l¹rinit.1iub·

319 4567 400 4616 linen.
418 4567 441 4616 E
460 4563 485 4615 4.
503 4564 527 4615 2.
546 4568 579 4617 E.
597 4595 632 4602 -
643 4569 740 4633 Hymn.
760 4588 808 4620 ms.
820 4572 995 4622 Hibernicnm
1013 4588 1080 4624 saec.
1102 4571 1141 4624 ll.
1154 4575 1218 4625 Cod.
1230 4575 1314 4626 Conv.
1327 4577 1496 4628 Francisoan.

320 4636 462 4685 Dublinen.
488 4651 508 4684 s.
531 4653 557 4685 n.
581 4637 610 4685 F.
634 4665 669 4671 —
692 4639 801 4689 Collect.
824 4656 871 4689 ms.
895 4641 1070 4692 Hibernicum
1092 4641 1226 4706 (Ieabhar
1249 4643 1345 4710 Breac)
1369 4662 1439 4698 saec.
1459 4643 1496 4696 14.

320 4704 384 4753 Cod.
402 4704 524 4754 Academ.
544 4707 607 4769 Reg.
626 4707 769 4759 Dublinen.
789 4724 808 4757 s.
827 4725 852 4757 n.
871 4709 902 4760 G.

388 4774 438 4822 Die
456 4774 584 4824 Lesarten
602 4790 655 4824 von
667 4776 689 4824 A
709 4777 846 4828 entnehme
865 4777 908 4827 ich
926 4778 972 4833 der
984 4780 1158 4830 Publikation
1170 4775 1381 4844 Rdfferscheida
1400 4784 1430 4834 in
1447 4784 1496 4835 den
