3642 5550
319 630 355 679 II.
384 631 425 679 Dc
444 628 557 679 Sanctis.
576 654 605 665 -
626 630 655 678 B.
673 630 772 693 Hymni
791 629 823 679 de
842 629 947 681 Sanctis
965 631 1077 696 Proprii.
1113 632 1154 680 De
1172 648 1206 682 ss.
1225 633 1321 682 Iacobo
1340 637 1389 684 etc.
1442 634 1502 696 183

321 805 351 862 3.
385 802 450 861 Hac
472 807 501 859 et
523 802 721 875 sigismundus
746 802 801 879 die,
940 806 967 863 5.
1002 803 1056 861 His
1072 820 1184 878 nempe,
1208 822 1278 877 qnos
1295 805 1502 878 praediximus,

389 888 442 946 Vir
464 887 611 959 dignitatis
634 888 739 961 regiae,
1003 889 1091 947 Simul
1115 891 1372 967 patrocinantibus,

386 972 445 1031 Sed
468 973 608 1046 gloriosus
630 978 733 1046 postca
1001 974 1148 1048 Quidquid
1169 975 1237 1033 mali
1259 976 1461 1047 contraximus,

386 1058 511 1137 Martyr,
535 1058 652 1131 petebat
674 1059 800 1120 aethera.
1006 1060 1140 1117 Christus
1163 1062 1291 1119 remittat
1314 1062 1456 1134 protinus,

322 1266 353 1324 4.
390 1263 451 1321 Nec
472 1262 549 1320 solus
571 1262 623 1319 illo
647 1267 777 1338 tempore
940 1266 969 1325 6.
1004 1264 1061 1321 Pro
1084 1278 1169 1335 posse
1191 1280 1306 1336 semper
1329 1265 1452 1323 caelicas

387 1348 467 1407 Emit
489 1363 622 1407 coronam
645 1349 791 1426 sanguine,
1003 1348 1081 1407 Odas
1103 1355 1132 1405 et
1155 1349 1275 1423 hymnos
1298 1351 1446 1408 aemulans

388 1433 446 1492 Sed
470 1449 534 1491 cum
557 1439 677 1505 parente
699 1433 783 1491 liberi
1003 1435 1045 1491 Te
1067 1441 1167 1492 nostra
1188 1435 1286 1493 landet
1311 1436 1417 1510 vilitas,

390 1520 516 1577 Palmam
540 1525 694 1591 capessunt
714 1519 817 1581 incliti.
1004 1520 1112 1579 Rerum
1135 1520 1270 1595 creatrix,
1294 1521 1419 1579 trinitas.

393 1741 512 1790 Lection.
538 1744 564 1789 et
588 1739 727 1790 Collectar.
750 1755 797 1788 ms.
820 1740 986 1790 Eremitense
1010 1754 1077 1788 saec.
1104 1736 1170 1790 ¹⁰l11.
1212 1740 1275 1790 Cod.
1300 1742 1445 1791 Eremiten.
1464 1740 1505 1793 88.

323 1809 383 1858 add.
408 1824 475 1858 saec.
503 1805 542 1858 ll.
566 1808 598 1858 A.
621 1835 655 1841 -
677 1810 754 1859 Brea.
777 1824 825 1858 ms.
843 1809 1003 1874 Agaunense
1025 1821 1094 1857 saec.
1115 1805 1182 1859 llira.
1218 1809 1281 1858 (lod.
1300 1810 1444 1861 Eremiten.
1464 1808 1505 1861 83.

323 1878 354 1927 Β.
378 1906 409 1913 -
435 1876 611 1927 Bokanntlich
633 1878 670 1926 ist
693 1876 740 1925 das
759 1878 822 1926 cht
843 1877 889 1927 des
913 1877 948 1925 hl.
969 1878 1071 1939 Konigs
1089 1872 1249 1941 Sigismuod
1275 1894 1299 1926 v.
1319 1880 1445 1944 Burgund
1464 1895 1505 1928 am

325 1943 348 1995 1.
366 1946 430 2008 Mai,
449 1946 506 1995 dem
519 1946 598 1995 Peste
615 1945 662 1995 der
673 1945 784 2010 Apostel
797 1941 921 1995 Jatotas
935 1945 988 1995 und
1002 1941 1165 2008 Pltala‘ppum
1184 1946 1266 1995 daher
1278 1948 1320 1996 die
1333 1947 1507 2013 Verbindung

323 2010 372 2064 der
390 2014 446 2064 drei
465 2015 598 2079 Heiligen.
616 2039 651 2049 -
669 2013 753 2063 Morel
771 2014 810 2077 (S.
825 2011 883 2075 167)
900 2014 949 2063 hat
966 2013 1035 2063 wohl
1050 2013 1143 2074 Recht,
1162 2030 1238 2064 wenn
1257 2031 1284 2064 er
1302 2012 1355 2065 den
1367 2016 1507 2082 Ursprung

323 2082 410 2133 dieses
434 2082 488 2131 und
511 2082 672 2133 namentlich
696 2082 741 2132 des
765 2081 906 2147 folgenden
926 2084 1048 2147 Hymnus
1072 2084 1100 2130 in
1121 2080 1284 2147 Apameam,
1308 2084 1367 2133 dem
1387 2084 1506 2150 jetzigen

324 2152 363 2202 St.
384 2152 503 2201 Maurice
519 2149 637 2212 (Wallis)
654 2151 739 2200 sucht.

565 2490 627 2545 159.
654 2492 690 2545 In
708 2506 749 2546 ss.
769 2491 886 2560 iacobi,
905 2490 1055 2560 Philippi,
1076 2490 1271 2558 sigismundi.

326 2703 356 2762 1.
390 2698 448 2775 Qui
472 2701 630 2759 christiano
653 2703 760 2760 nomini
946 2705 977 2763 4.
1011 2703 1051 2760 Et
1073 2702 1135 2760 iure
1158 2719 1209 2759 nos
1232 2701 1298 2773 plus
1320 2701 1453 2759 omnibus

392 2787 640 2847 Communicamus
664 2790 783 2862 creduli,
1011 2789 1166 2846 Laetamur
1187 2788 1234 2844 hic
1257 2785 1398 2859 festivius

393 2873 453 2946 Ipsi
476 2890 610 2932 canamus
632 2875 763 2950 gloriam,
1011 2874 1098 2947 Regis
1122 2873 1297 2946 Sigismondi
1320 2890 1403 2932 sacra

392 2959 447 3030 Qui
469 2960 592 3017 contulit
614 2959 689 3018 hanc
711 2961 843 3033 gratiam.
1010 2959 1221 3032 Amplectimur
1242 2959 1291 3031 qui
1314 2959 1444 3032 pignora.

329 3187 360 3244 2.
394 3181 448 3254 Qui
470 3197 540 3240 vera
562 3182 612 3240 lux
632 3181 776 3254 fidelibus,
948 3186 977 3242 5.
1012 3182 1069 3240 Hic
1090 3196 1222 3252 namque,
1245 3180 1320 3238 sicut
1339 3180 1441 3238 literae

395 3267 596 3326 llluminandis
618 3267 749 3326 omnibus
1011 3267 1153 3341 Tradunt,
1176 3272 1294 3323 necatus
1316 3266 1370 3323 hoc
1393 3266 1441 3323 die
1500 3292 1503 3298 ·

396 3353 601 3425 Apostolorum
624 3353 732 3411 lumina
1011 3351 1186 3410 Conscendit
1207 3368 1264 3409 nna
1286 3367 1350 3408 cum
1372 3351 1432 3407 suis

356 3459 364 3469 ·
394 3438 510 3496 Direxit
532 3438 694 3498 emicantia.
1012 3440 1130 3498 Secreta
1152 3437 1226 3494 caeli
1247 3435 1325 3498 filiis.

329 3665 360 3722 3.
393 3661 439 3722 Ex
462 3661 516 3721 hoc
538 3666 640 3720 senatu
663 3658 782 3736 fulgido,
947 3665 974 3721 6.
1010 3661 1119 3718 Horum
1143 3664 1262 3732 precatu
1286 3659 1384 3716 cernui

395 3747 539 3824 Philippo,
563 3753 676 3805 tecum
699 3746 803 3805 Iacobo
1010 3746 1099 3804 Malis
1122 3762 1255 3818 rogamus
1278 3745 1366 3802 eximi

396 3833 527 3891 Laudum
549 3833 606 3907 piis
628 3849 682 3905 pro
704 3832 814 3891 viribus
1010 3832 1154 3904 Bonisqne
1177 3831 1252 3890 veris
1274 3830 1360 3886 inseri

396 3917 480 3977 Nunc
500 3918 620 3977 canticis
643 3918 817 3978 extollimus.
1010 3917 1050 3975 Et
1071 3916 1180 3989 absque
1202 3914 1259 3974 fine
1281 3913 1404 3989 perfrui.

603 4143 630 4202 7.
663 4141 745 4216 Quod
768 4156 879 4199 summa
893 4146 1022 4213 praestat
1044 4140 1170 4216 trinitas,

665 4229 744 4299 Quae
766 4227 888 4300 simplex
913 4227 1004 4287 claret
1026 4229 1131 4301 unitas,

668 4313 720 4373 Oui
742 4313 780 4370 sit
803 4312 940 4385 perennis
961 4312 1053 4384 gloria

667 4399 700 4457 ln
723 4398 901 4456 saeculorum
925 4397 1049 4458 saecula.

401 4619 522 4669 Lection.
546 4622 574 4668 et
595 4619 734 4669 Collectar.
758 4633 806 4668 ms.
828 4619 995 4668 Eremitensc
1018 4631 1086 4666 saec.
1111 4611 1179 4665 ¹⁰l11.
1221 4615 1285 4665 (iod.
1305 4613 1449 4662 Eremiten.
1472 4608 1515 4680 488.

333 4688 394 4739 add.
418 4703 487 4738 saec.
513 4683 552 4737 11.
577 4686 610 4735 Α.
634 4712 667 4720 -
691 4689 768 4738 Brev.
793 4679 1191 4752 ms.Agaunensesaec.¹'l1a.
1228 4683 1291 4734 Cod.
1309 4682 1454 4731 Eramiten.
1473 4676 1514 4731 83.

333 4759 364 4808 Β.
384 4783 419 4792 -
437 4753 462 4817 l,
480 4752 497 4805 2
515 4755 613 4821 simpla
630 4757 660 4805 B.
