3642 5550
321 622 382 684 160
584 621 650 671 Ρ111
668 622 689 671 Ι.
724 622 826 685 Hymni
844 619 1023 686 antiquissimi
1040 633 1108 668 saec.
1125 616 1242 668 V.-x1.

388 792 496 843 Collect.
520 808 567 841 ms.
586 787 798 855 Cluniacense(l)
821 805 889 841 sace.
916 787 956 840 10.
980 786 1032 848 (ll.
1053 794 1080 840 et
1099 786 1149 849 12.)
1183 787 1247 839 Cod.
1266 787 1466 851 varicantem.

317 858 376 912 493.
401 888 434 894 —
458 858 487 921 2,
513 860 529 909 2
552 859 616 911 fides
641 861 738 911 hausit.
766 889 795 897 -
819 856 850 923 2,
874 857 890 909 3
911 860 1061 910 Obmittens
1083 857 1110 916 (b
1132 858 1198 908 tiber
1216 856 1249 920 0)
1272 858 1349 907 fastu.
1369 882 1398 891 —
1416 851 1466 915 3,2

319 931 461 980 caelebres.
480 955 513 963 -
530 927 562 990 4,
583 927 594 977 1
615 931 737 979 Furente.
755 954 789 963 -
806 924 831 987 8,
849 925 867 976 4
884 929 1029 979 Restituae.
1046 954 1081 961 -
1099 923 1123 988 9,
1141 923 1158 975 3
1176 925 1309 976 assiduae.
1327 954 1358 962 -
1374 927 1415 976 1110
1428 923 1465 973 le

320 998 413 1048 schrift
429 998 515 1049 dieses
532 998 622 1049 bisher
640 997 795 1064 unedierten
812 996 934 1060 Hymnus
953 997 1075 1062 besorgte
1092 996 1193 1060 gdtigst
1211 996 1358 1045 Baunister.
1510 1015 1511 1036 1

605 1199 667 1256 137.
694 1200 729 1254 In
748 1198 848 1256 sanctl
869 1197 989 1267 agnelli
1007 1198 1215 1268 Neapolitani.

660 1290 809 1353 Hymnus
827 1286 924 1339 Petri
943 1287 1164 1339 Subdiaconi.

475 1412 595 1487 Plaude,
618 1410 703 1469 beate
726 1412 823 1484 Pater,
847 1411 966 1469 caelesti
989 1426 1108 1468 munere
1132 1416 1259 1490 saeptus,

518 1497 671 1556 Plausibus
695 1496 844 1570 angelicis,
868 1496 986 1569 plaude,
1009 1496 1093 1555 beate
1115 1501 1208 1569 pater.

475 1583 520 1643 Sit
540 1582 595 1641 tibi
618 1599 744 1643 summus
767 1582 869 1657 honor,
894 1581 1026 1643 caelestis
1048 1582 1141 1655 gloria
1162 1597 1277 1658 perpes,

519 1669 571 1728 Sat
593 1668 660 1741 quia
682 1668 757 1726 mira
778 1675 889 1740 patras,
910 1668 950 1725 sit
971 1667 1025 1725 tibi
1048 1683 1173 1725 summus
1194 1668 1297 1731 bonor.

434 1754 452 1811 5
477 1756 565 1828 Ergo,
588 1753 673 1813 beate
695 1754 790 1831 nimis,
813 1752 949 1825 precibus
973 1753 1097 1826 deposce
1118 1757 1266 1813 tonantem

519 1842 577 1901 Pro
599 1839 693 1913 gregis
715 1838 840 1910 offensis,
864 1854 942 1913 ergo,
966 1838 1050 1896 beate
1071 1838 1165 1911 nimis,

477 1926 580 1985 Funde
602 1940 703 1997 preces
726 1925 865 2002 placidas,
891 1925 1003 2001 devote,
1027 1921 1125 1997 funde,
1149 1940 1311 2000 precamur,

519 2010 615 2070 Noxia
635 2011 770 2084 pellendo
793 2008 884 2069 funde
905 2025 1007 2082 preces
1030 2010 1169 2082 placidas.

477 2098 675 2169 Parthenopes
698 2097 835 2168 populum
858 2093 983 2154 deiende
1004 2094 1041 2153 ab
1063 2095 1146 2154 hoste
1167 2096 1303 2176 maligno,

416 2183 455 2241 10
522 2184 653 2255 Protege,
677 2197 815 2240 conserva
836 2181 1033 2253 Parthenopes
1055 2181 1204 2254 populum.

478 2269 623 2329 Pessimus
645 2267 696 2324 ille
719 2268 807 2326 draco
829 2263 922 2339 fugiat
943 2282 996 2324 nec
1018 2282 1105 2326 saeva
1127 2268 1264 2342 propinet

520 2352 686 2413 Fraudibus
707 2353 784 2411 haud
807 2357 910 2412 noceat
933 2352 1074 2425 pessimus
1095 2352 1145 2410 illc
1169 2354 1269 2417 draco.

480 2439 584 2499 Coetus
607 2443 636 2496 et
657 2438 802 2511 angelicus
825 2438 959 2496 caelestia
982 2443 1098 2511 sceptra
1119 2438 1272 2518 ministret,

522 2524 609 2597 Signa
631 2525 742 2602 salutis,
767 2539 861 2599 opem,
885 2529 982 2581 coetus
1004 2528 1034 2581 et
1053 2524 1199 2597 angelicas

417 2610 455 2669 15
480 2612 561 2669 Intus
584 2616 614 2667 et
636 2610 761 2667 exterius
782 2614 898 2668 tueatur
920 2624 1038 2667 munere
1059 2609 1178 2685 (11111111,

523 2695 667 2768 Gaudeat,
691 2696 816 2754 exsultet
837 2695 915 2753 intus
938 2699 966 2753 et
987 2695 1123 2773 exterius,

481 2784 542 2854 Quo
565 2782 679 2841 valeant
702 2781 802 2840 famuli
824 2779 959 2841 famulari
984 2782 1192 2854 cunctipotenti
1266 2777 1268 2779 ’

522 2869 643 2929 Cantica
666 2868 762 2926 dando
784 2868 856 2944 Deo,
879 2883 935 2940 quo
959 2867 1073 2926 valeant
1096 2865 1207 2927 famuli.

481 2953 589 3031 Gloria,
614 2953 736 3032 Christe,
760 2953 814 3010 tibi
836 2953 884 3026 qui
906 2958 1006 3026 patras
1028 2958 1110 3012 tanta
1132 2958 1277 3028 potenter,

418 3041 458 3099 20
524 3039 577 3111 Qui
600 3039 674 3097 bona
697 3044 800 3098 cuncta
822 3037 904 3114 iacis,
928 3039 1029 3115 gloria,
1053 3039 1177 3118 Christ-e,
1201 3038 1267 3101 tibi.

397 3189 512 3256 Ughelli,
530 3191 612 3240 Italia
629 3206 717 3250 sacra,
739 3192 778 3241 VI
794 3188 918 3254 (Romae,
946 3188 1032 3254 1659),
1058 3208 1084 3257 p.
1102 3188 1144 3242 80.
1179 3192 1235 3243 Aua
1254 3180 1313 3243 dem
1330 3191 1406 3243 Liber
1420 3185 1473 3262 nin·

329 3259 448 3308 culorum
467 3274 487 3306 s.
505 3260 611 3324 Agnelli
630 3259 675 3309 des
694 3256 808 3324 „Petras
826 3256 1046 3325 prodiaconas
1064 3273 1086 3310 1.
1105 3257 1337 3326 Parthenopcnsis
1358 3243 1473 3310 ecchardi

328 3328 374 3376 der
392 3343 437 3377 um
454 3323 505 3376 890
523 3328 640 3389 schrieb3
659 3330 707 3377 mit
726 3329 771 3378 der
789 3329 1018 3393 Quellenangabe:
1038 3329 1096 3394 „Hx
1113 3329 1204 3379 codice
1222 3329 1300 3381 Card.
1319 3329 1346 3380 S.
1364 3325 1474 3381 Seveam

330 3393 512 3460 exscriptum.“
539 3421 572 3428 -
596 3398 775 3447 Unmittelbar
799 3413 895 3447 vorans
938 3397 983 3474 ebt
1008 3398 1230 3474 eine'metrische
1248 3397 1434 3460 assentatur
1445 3388 1475 3438 ‘1⁸¹

328 3463 473 3524 Miracula,
497 3465 645 3529 beginnend
668 3467 717 3514 mit
741 3461 879 3529 „Laudem
903 3415 1008 3516 GHrsste
1029 3463 1079 3515 trba
1098 3462 1239 3530 persolvet
1261 3469 1335 3516 terra
1354 3449 1475 3530 potsse?

329 3532 447 3596 (Ughelli
471 3533 489 3580 l.
507 3549 544 3593 1.,
569 3534 619 3582 col.
638 3531 671 3582 77
690 3534 764 3598 sqq.).
800 3535 850 3584 Am
868 3534 974 3584 Schlul's
991 3535 1130 3585 darselben
1147 3539 1229 3586 neunt
1246 3535 1304 3585 sich
1322 3535 1368 3586 der
1383 3531 1476 3586 11111111Ξ

483 3635 563 3684 Haud
581 3650 629 3700 ego
649 3636 701 3684 iam
720 3632 832 3688 Petrus
851 3637 944 3686 dubito
965 3637 1149 3702 percommode
1166 3637 1235 3687 lucis

484 3703 506 3751 A
525 3704 633 3752 Domini
651 3703 758 3766 famulo,
777 3706 853 3753 euius
870 3706 1000 3755 miracula
1017 3721 1092 3756 sacra

482 3772 610 3821 Versibus
629 3786 661 3821 ac
682 3774 767 3837 prosis
786 3772 937 3839 deprompsi
955 3775 1052 3824 famine
1070 3774 1158 3842 digno.

482 3839 535 3889 Sed
552 3844 599 3890 tua
612 3837 698 3904 plura
715 3837 790 3904 loqui
808 3845 914 3892 veniam
931 3843 973 3903 da,
992 3847 1089 3904 sancte,
1108 3859 1254 3908 precamur,

518 3907 560 3957 Sit
577 3924 681 3974 quoque
699 3911 737 3959 sic
754 3909 885 3976 (Ughelli:
905 3910 950 3972 sit)
966 3910 1035 3974 finis,
1053 3911 1099 3962 sed
1116 3917 1162 3962 tua
1180 3913 1258 3978 plura
1272 3912 1356 3978 loqui.

399 4010 493 4059 Diesss
513 4011 654 4060 Distichon
672 4012 739 4062 nach
751 4012 800 4062 Art
813 4012 897 4075 jener,
920 3987 962 4063 die
980 4030 1005 4063 u.
1019 4029 1043 4065 a.
1055 4015 1178 4064 Wolstan
1195 4031 1248 4064 von
1261 4015 1424 4067 winchester
1436 4001 1480 4072 (ng

331 4079 377 4128 Nr.
398 4075 457 4139 142)
482 4078 561 4139 liebt,
586 4078 658 4128 fiibrt
680 4081 745 4130 iiber
763 4097 822 4131 zum
840 4084 936 4147 obigen
955 4085 1085 4146 Hymnus,
1103 4083 1155 4132 den
1171 4084 1281 4150 Ughelli
1298 4085 1374 4134 nicht
1387 4073 1481 4150 gonsal*

332 4146 497 4209 hervprhebt.
532 4147 596 4197 Man
613 4148 667 4211 vgl.
685 4149 736 4198 den
754 4151 875 4214 Hymnus
894 4152 942 4200 auf
956 4153 1086 4202 Martinus
1104 4153 1217 4203 Martius
1233 4151 1291 4217 (Nr.
1314 4150 1379 4217 177).

710 4351 771 4412 138.
799 4353 833 4406 ln
852 4354 952 4410 sancti
970 4354 1133 4413 Ambrosii.

333 4474 362 4534 1.
396 4468 569 4534 Miraculum
591 4475 737 4536 laudabile
949 4484 979 4541 2.
1011 4477 1207 4560 Ambrosium,
1231 4488 1327 4542 vatem
1350 4491 1470 4556 magnum,

398 4558 499 4617 Canite
521 4576 618 4620 omnes
640 4563 750 4640 populi,
1011 4561 1264 4627 Praedestinatum
1286 4586 1305 4628 a
1327 4570 1389 4628 Deo

397 4645 478 4717 Quod
503 4647 601 4704 datum
622 4652 665 4705 cst
688 4649 826 4708 ecclesiae
1011 4651 1163 4726 Tempore,
1187 4669 1244 4726 quo
1267 4652 1397 4714 diabolus

396 4729 562 4789 Fluctuanti
585 4733 615 4790 in
638 4734 761 4807 saeculo,
1012 4737 1194 4797 Foedaverat
1216 4741 1327 4813 templa
1349 4740 1410 4802 1101.
