3642 5550
376 618 417 681 80
491 684 497 691 ἱ
549 647 564 680 5
642 616 707 666 Pars
726 619 747 668 1.
783 617 883 680 Hymni
902 618 1082 682 antiquissimi
1101 632 1169 668 saec.
1187 618 1303 668 V.-X1.

374 788 481 837 ihnlich
502 790 531 837 in
542 788 578 837 T:
599 783 720 852 „Versus
733 787 845 837 Flavii
863 782 899 836 cd
917 783 1106 849 mandamur
1126 790 1155 837 in
1173 789 1207 837 B:
1227 783 1327 851 „Verri
1344 788 1376 839 de
1388 783 1553 838 Mandatum“

373 857 426 914 (die
444 856 631 921 Beaeichnung
664 852 748 906 versu
768 855 836 905 auch
855 858 883 904 in
896 857 920 905 D
939 857 992 906 und
1005 857 1049 917 Gl3
1068 858 1097 905 in
1114 853 1169 908 lla:
1189 854 1237 919 „lu
1248 858 1321 907 Cena
1332 858 1443 906 Domini
1463 854 1554 907 Versus
1584 863 1586 868 '

374 925 503 987 Flavii3
522 927 550 974 in
569 926 604 975 Y:
630 893 747 985 „letatus
766 926 795 973 in
813 938 878 973 cena
896 925 1005 974 Domini
1024 926 1057 974 ad
1076 926 1243 975 refectorium
1261 923 1405 985 canendi“;
1422 927 1452 975 in
1469 937 1490 976 n
1505 924 1555 975 und

375 1004 407 1045 u:
428 995 475 1058 „In
493 1007 559 1043 ceua
571 994 681 1042 Domini
699 992 733 1042 ad
751 988 932 1054 mandatum“3
952 994 981 1041 in
992 995 1016 1042 K
1035 994 1088 1042 und
1107 990 1134 1044 t:
1155 990 1302 1057 „Hymnus
1314 995 1343 1043 in
1354 1009 1422 1044 cona
1434 988 1553 1044 Domini“

370 1061 479 1124 (ebenso
499 1062 542 1111 die
560 1062 726 1111 Bezeichnun
765 1057 910 1124 „lepmaus“
931 1062 959 1109 in
977 1062 1163 1122 CFHIMNPQ
1181 1061 1217 1124 u).
1251 1062 1315 1110 Man
1333 1063 1388 1126 vgl.
1408 1062 1501 1112 hieran
1516 1062 1555 1111 die

373 1130 541 1195 Bemerlrung
561 1130 607 1178 des
625 1130 716 1179 Priors
764 1125 832 1179 irieb
849 1141 900 1178 aaa
913 1125 973 1179 Zoll
989 1131 1035 1193 (im
1048 1129 1251 1187 Schwarzwald)
1268 1130 1297 1178 in
1315 1132 1409 1180 seinen
1430 1146 1475 1179 um
1494 1126 1555 1181 1087

373 1199 578 1264 gesohriebenen
598 1198 825 1262 „eonsuetudines
843 1196 1048 1248 Oluuiaoenses“
1067 1193 1215 1262 (d’thery‚
1234 1197 1359 1262 Spioileg.
1377 1201 1399 1248 Ι.
1426 1198 1466 1249 etl.
1485 1196 1516 1250 2·
1532 1215 1554 1263 p.

372 1263 530 1330 644-703),
552 1282 593 1315 wo
612 1282 640 1316 es
664 1268 707 1317 bei
732 1266 778 1316 der
802 1266 874 1316 Cena
891 1266 1001 1315 Domini
1018 1266 1110 1317 haifst:
1138 1267 1261 1329 „Praeter
1278 1267 1371 1316 solitas
1390 1267 1553 1332 antiphonas,

373 1350 441 1400 quae
465 1340 527 1384 sunt
549 1336 582 1384 de
605 1335 744 1395 Mandato,
766 1333 879 1384 habetur
902 1330 1021 1398 hymnus
1039 1336 1168 1394 Flavii,
1192 1336 1293 1400 primi
1312 1335 1553 1386 cabilonensis

373 1406 532 1468 episcopi
553 1400 656 1452 »Tellus
675 1415 708 1452 uc
726 1399 820 1451 cultra
837 1399 981 1462 iubilant«,
999 1406 1045 1469 qui
1064 1405 1093 1452 in
1110 1403 1161 1452 hoo
1178 1404 1221 1453 die
1241 1409 1266 1453 et
1283 1403 1317 1452 ad
1334 1403 1385 1453 hoo
1402 1404 1552 1454 Mandatum

373 1478 434 1537 post
451 1474 563 1536 primam
581 1471 753 1536 antiphonam
772 1475 894 1521 cantatur
912 1475 939 1521 et
956 1472 1002 1532 ita,
1021 1478 1051 1521 ut
1068 1488 1115 1536 per
1131 1472 1250 1538 singulos
1261 1486 1353 1521 versus
1364 1471 1409 1533 (=
1419 1470 1553 1538 Strophen)

372 1542 472 1605 primus
497 1542 553 1590 eius
577 1556 669 1589 versus
693 1535 850 1604 repetatur.“
876 1564 909 1573 -
934 1540 1058 1598 Flavius,
1082 1540 1194 1590 Bischof
1213 1555 1266 1589 von
1286 1539 1550 1597 chalon-surmont

373 1611 445 1659 starb
464 1606 523 1658 591.
545 1636 574 1645 -
593 1610 657 1658 Man
675 1608 792 1671 beaehte,
812 1607 870 1658 dats
889 1610 917 1657 in
935 1608 1064 1658 manchon
1083 1609 1213 1674 Strophen
1231 1605 1265 1670 (2,
1287 1605 1311 1669 6,
1329 1604 1354 1669 8,
1373 1606 1399 1669 9)
1416 1610 1464 1659 der
1480 1605 1552 1659 Reim

373 1677 531 1728 beobachtet
548 1677 621 1737 wird,
639 1679 668 1725 in
687 1678 738 1728 Str.
757 1674 781 1736 3,
800 1675 964 1741 wenngleich
982 1677 1052 1727 wohl
1070 1678 1187 1743 zurilhg,
1206 1692 1284 1743 sogar
1301 1679 1388 1727 reiner
1406 1678 1552 1728 weiblichsr

372 1746 456 1795 Reim.

785 2050 826 2102 77.
853 2050 888 2104 ln
907 2048 989 2105 cena
1005 2048 1140 2105 Domini.

628 2157 755 2206 Versus
779 2155 819 2204 ad
843 2154 999 2206 Ohrisma
1022 2155 1298 2205 consecrandum.

678 2344 717 2405 R.
753 2345 775 2404 0
799 2345 976 2417 redemptor,
999 2359 1079 2402 sume
1099 2360 1214 2403 carmen

797 2435 885 2487 temet
908 2430 1129 2492 concinentium.

376 2604 402 2663 1.
439 2602 526 2679 Audi,
552 2602 638 2659 iudex
661 2606 847 2675 mortuorum,
992 2604 1021 2659 5.
1056 2601 1097 2660 Ut
1117 2607 1239 2658 novetur
1258 2614 1344 2657 sexus
1366 2602 1458 2659 omnis

480 2704 538 2745 nna
559 2702 626 2760 spes
648 2686 821 2759 mortalium,
1098 2686 1233 2743 unctione
1256 2684 1430 2763 chrismatis,

438 2774 517 2833 Audi
539 2788 624 2832 voces
644 2769 840 2845 proferentum
1055 2771 1095 2830 Et
1116 2772 1249 2830 medetur
1269 2771 1398 2830 sauciata

481 2860 585 2917 donum
607 2859 688 2931 pacis
710 2857 868 2930 praevium.
1100 2858 1247 2930 dignitatis
1270 2857 1372 2930 gloria.

374 3033 405 3090 2.
440 3029 539 3088 Arbor
561 3027 621 3086 feta
643 3029 719 3086 alma
740 3027 804 3084 luce
993 3031 1022 3091 ti.
1055 3029 1129 3087 Lota
1150 3035 1246 3086 mente
1267 3042 1351 3086 sacro
1373 3025 1454 3086 ionte

450 3126 452 3131 ’
479 3115 533 3172 hoo
555 3118 727 3172 sacrandum
751 3113 886 3186 protulit3
1099 3112 1273 3186 aufugantur
1295 3113 1425 3185 crimina,

436 3199 509 3257 Fert
523 3200 579 3257 hoo
593 3216 685 3272 prona
700 3215 839 3271 praesens
851 3197 937 3255 turba
1055 3200 1152 3259 Unota
1173 3197 1269 3256 fronte
1291 3204 1475 3257 sacrosancta

480 3285 618 3370 salvatori
640 3285 757 3346 saeculi.
1097 3283 1220 3342 influunt
1242 3284 1425 3345 charismata.

371 3459 400 3517 3.
435 3456 522 3515 Stans
545 3456 583 3513 ad
606 3473 685 3513 aram
708 3455 794 3512 immo
810 3455 935 3527 supplex
990 3458 1019 3515 7.
1054 3454 1148 3514 Corde
1171 3461 1255 3514 uatus
1278 3470 1314 3512 ex
1336 3455 1477 3527 parentis,

477 3539 615 3599 infulatus
638 3540 769 3613 pontifex
1095 3541 1189 3599 alvum
1213 3540 1336 3612 implens
1360 3539 1489 3612 virginis,

434 3626 569 3685 Debitum
592 3625 732 3698 persolvit
755 3642 838 3684 omne
1052 3627 1173 3685 Praesta
1187 3626 1289 3701 lucem,
1314 3625 1418 3682 claude
1432 3629 1545 3682 mortem

479 3718 647 3770 consecrato
669 3711 832 3774 chrismate.
1097 3710 1265 3769 Chrismutis
1288 3709 1481 3768 consortibus.

370 3886 400 3947 4.
434 3883 611 3942 consecrare
633 3889 665 3939 tu
689 3883 818 3957 dignare,
989 3884 1019 3942 8.
1053 3881 1098 3940 Sit
1121 3882 1182 3940 dies
1205 3882 1277 3939 haec
1299 3879 1375 3938 festa
1397 3881 1482 3939 nobis

476 3969 539 4028 Rex
562 3968 697 4041 perennis
720 3967 834 4039 patriae
1097 3967 1276 4025 saeculorum
1298 3966 1433 4042 saeculis,

432 4054 497 4111 Hoc
519 4054 634 4128 olivum,
659 4053 771 4126 signum
796 4053 891 4111 vivum
1053 4052 1097 4111 sit
1119 4057 1233 4110 sacrata
1256 4052 1344 4125 digua
1365 4052 1453 4109 laude

476 4141 544 4197 Iura
566 4145 666 4197 eontra
690 4137 869 4215 daemonum,
1094 4153 1148 4195 uec
1170 4142 1303 4195 senescat
1324 4143 1466 4209 tempore.

435 4325 514 4388 Trop.
535 4340 583 4374 ms.
600 4325 785 4389 Maguntinum
804 4323 868 4372 anni
886 4318 1032 4373 955—962.
1070 4323 1133 4373 Ood.
1153 4323 1300 4373 Londiuen.
1318 4322 1385 4371 add.
1408 4318 1441 4371 19
1449 4317 1505 4371 768.
1516 4319 1545 4368 Α.

366 4416 399 4426 -
425 4393 503 4442 Grad.
530 4409 577 4442 ms.
600 4392 796 4457 Bambergense
818 4389 840 4450 (?
866 4390 1090 4449 Emmeramenso)
1113 4407 1181 4442 saec.
1208 4389 1247 4442 10.
1289 4390 1353 4442 Coti.
1377 4390 1545 4455 Bumbergen.

366 4461 408 4509 Ed
431 4463 473 4511 111
491 4458 515 4508 7.
539 4463 569 4511 B.
592 4489 625 4496 —
643 4462 723 4526 Trop.
749 4477 798 4508 ms.
821 4461 954 4524 Augiense
978 4475 1047 4511 saec.
1073 4457 1113 4510 10.
1149 4460 1213 4510 Cori.
1232 4460 1406 4522 Bambergen.
1424 4459 1467 4508 Ed
1484 4458 1507 4507 V
1523 4453 1545 4506 9.

366 4529 425 4578 add.
445 4545 513 4579 saec.
533 4525 598 4580 ¹⁰l11.
612 4531 640 4580 0.
659 4555 694 4564 -
705 4531 784 4593 Trop.
803 4544 850 4578 ms.
863 4528 1002 4578 Mindense
1020 4531 1085 4578 anni
1099 4525 1172 4578 1024.
1203 4529 1268 4579 Ood.
1281 4528 1432 4578 Berolincn.
1444 4527 1495 4577 [vo
1508 4522 1545 4574 11.

365 4598 400 4647 D.
412 4624 447 4632 -
458 4598 619 4648 Sacrament.
633 4615 679 4647 ms.
693 4597 832 4648 Mindense
845 4597 909 4645 anni
923 4593 1064 4647 1022—36.
1097 4596 1160 4646 Ood.
1172 4597 1323 4646 Berolinen.
1337 4596 1395 4646 Fol.
1414 4592 1439 4645 2.
1451 4589 1503 4643 Dd.
1515 4617 1545 4627 -

367 4666 446 4717 (irad.
456 4683 503 4715 ms.
513 4667 651 4717 Mindense
662 4683 729 4717 saec.
742 4662 781 4714 11.
801 4664 864 4713 Cod.
875 4664 1025 4715 Berolinan.
1034 4665 1114 4715 111Πο
1128 4662 1169 4714 15.
1179 4665 1211 4714 Ε.
1224 4665 1344 4731 -Trop
1356 4663 1546 4715 malliindense

366 4749 434 4784 saec.
461 4732 500 4786 ll.
525 4737 562 4784 in.
605 4735 668 4787 Cod.
692 4733 925 4787 Guelfenbuteran.
952 4730 1019 4783 1110
1040 4733 1139 4795 (Helm.
1166 4729 1248 4794 1008).
1272 4733 1302 4785 F.
1326 4759 1357 4768 -
1382 4732 1481 4784 Pontis.
1501 4745 1544 4780 ms.
