3642 5550
319 620 382 684 248
584 620 651 669 Pers
668 619 691 670 Ι.
726 619 827 681 Hymni
844 620 1024 684 antiquissimi
1042 636 1109 672 saec.
1127 621 1243 675 V.—XI.
1268 629 1291 678 ‚⁴

525 792 574 851 13.
607 791 682 865 Quid
702 792 830 851 Daniele
851 793 888 851 de
908 809 1001 867 puero
1021 793 1072 868 pio

608 875 720 936 Inferre
742 895 867 951 possum,
890 896 948 952 qno
969 877 1080 938 referat
1100 879 1186 939 modo

608 963 653 1022 De
674 969 771 1023 monte
792 971 902 1024 sectum
924 982 982 1024 non
1004 981 1092 1039 grave
1112 966 1247 1025 saxulum

607 1046 749 1123 Inplesse
770 1056 866 1111 terrae
888 1051 964 1110 mole
985 1067 1038 1111 sua
1059 1050 1175 1111 sinum?

525 1258 574 1318 14.
609 1258 689 1317 Haeo
710 1258 813 1317 umbra
834 1258 907 1332 legis
930 1258 1019 1332 gessit
1041 1258 1185 1333 enigmata

610 1344 717 1404 Christi
739 1343 865 1418 figurans
887 1345 1012 1421 mystice
1033 1361 1161 1420 munera,

609 1429 667 1488 Sed
688 1430 818 1490 veritatis
840 1431 905 1488 lnoe
927 1431 1014 1490 modo
1037 1431 1106 1490 data

609 1516 779 1576 Praesentat
798 1517 878 1590 ipsas
901 1533 949 1576 res
970 1533 1046 1576 nova
1066 1518 1169 1591 gratia

522 1723 573 1783 15.
607 1723 682 1781 Nam
704 1723 808 1782 misens
831 1723 919 1782 astris
942 1722 1062 1782 Gabriel
1082 1724 1201 1797 angelus

607 1810 688 1867 Haeo
710 1815 780 1869 nota
803 1808 871 1868 fecit
894 1810 1014 1883 virginis
1037 1808 1165 1884 auribus,

606 1894 727 1971 Semper
747 1896 888 1955 manentis
910 1896 988 1969 qaod
1010 1895 1102 1968 patris
1122 1895 1237 1954 nnioum

606 1980 734 2040 Deberet
755 1981 820 2041 orbi
841 1998 975 2055 promere
995 1980 1096 2042 tilium.

522 2188 572 2250 16.
606 2188 691 2246 Mens
715 2203 783 2262 ergo
807 2188 901 2246 dictus
924 2186 1044 2246 credula
1066 2187 1138 2245 dans
1159 2185 1247 2246 fidem

604 2273 706 2333 Fletus
728 2274 845 2346 superni
867 2288 934 2332 rore
956 2274 1144 2347 propaginem

606 2359 691 2418 Certo
714 2361 824 2419 dierum
848 2367 981 2432 tempore
1004 2359 1139 2432 oonoipit,

605 2445 695 2517 Quam
716 2441 826 2506 summa
849 2446 922 2505 caeli
949 2445 1028 2519 regia
1050 2461 1107 2503 non
1129 2444 1218 2517 sopit

563 2697 570 2711 .
603 2650 714 2710 Effeeta
735 2652 852 2709 tandem
877 2651 959 2725 virgo
980 2664 1125 2725 puerpera

604 2737 644 2796 Et
666 2738 795 2797 caritatis
817 2735 917 2796 fomite
939 2735 1053 2798 fervida

605 2823 670 2882 Non
692 2825 803 2897 sprevit
826 2825 879 2901 ire,
903 2824 1006 2883 sedula
1026 2823 1187 2897 proximam

605 2911 647 2970 Ut
668 2911 800 2971 visitaret
821 2909 974 2972 Elisabeth
999 2925 1090 2972 suam.

562 3160 570 3175 .
604 3117 725 3177 Clausus
746 3115 888 3176 Iohannes
910 3115 1011 3175 matris
1032 3115 1063 3173 in
1084 3115 1203 3192 intimis,
1285 3136 1287 3139 ·

604 3203 721 3262 Insueta
742 3204 852 3261 eunctis
873 3202 979 3276 gaudia
1000 3201 1130 3277 parvulis

603 3289 680 3348 Dum
704 3304 775 3348 voce
796 3290 899 3363 nescit,
922 3288 1047 3346 motibus
1067 3288 1201 3361 ingerens

604 3375 687 3435 Vatis
710 3372 800 3433 futuri
822 3374 1002 3448 praetulerat
1021 3375 1109 3435 vices.
1190 3394 1192 3400 ·

562 3628 569 3643 .
603 3582 700 3640 Mater
721 3582 881 3656 prophetae
902 3581 973 3640 talia
993 3596 1113 3639 munera

603 3667 711 3726 Mireta
732 3669 858 3742 complet
879 3667 997 3727 vocibus
1019 3667 1145 3744 aethera,

604 3753 701 3827 Virgo,
726 3753 838 3813 beatam
861 3760 891 3811 te
914 3751 977 3812 fore
998 3753 1171 3828 praedicans

603 3840 685 3897 Inter
706 3845 887 3912 praestantes
909 3855 1027 3898 munere
1049 3837 1181 3901 feminas.

561 4089 568 4103 .
606 4045 650 4102 Tu
673 4045 761 4104 corde
782 4047 860 4104 tristi
883 4051 952 4104 tuno
973 4045 1077 4105 aderas
1099 4050 1158 4119 tuo,

604 4129 674 4189 Cum
697 4129 771 4190 fixus
794 4136 871 4190 esset
891 4133 922 4190 in
944 4147 1038 4202 eruce,
1061 4131 1131 4204 filio,

603 4217 661 4275 Pro
683 4233 714 4275 se
737 4217 892 4278 fovendum
914 4219 964 4291 qui
987 4217 1040 4276 tibi
1062 4217 1153 4275 filium

603 4302 707 4361 Caram
729 4304 847 4378 reliquit
871 4304 1044 4379 discipulum
1067 4320 1159 4365 sunm.

562 4539 569 4555 .
604 4493 645 4550 Te
667 4493 842 4552 transeuntis
865 4509 923 4551 non
945 4494 1030 4552 latuit
1051 4493 1108 4571 via,

603 4578 673 4637 Cum
695 4579 771 4637 nube
793 4585 892 4638 vectus
914 4576 1016 4659 [esset]
1040 4580 1070 4637 in
1092 4579 1219 4657 aethera,

602 4664 673 4722 Eius
696 4664 773 4723 fores
796 4681 858 4722 oum
876 4665 983 4723 addita
1005 4665 1128 4723 testibus

603 4751 638 4808 In¹
659 4751 837 4810 montisalti
859 4751 969 4810 vertice
991 4751 1143 4813 stantibus.
