3642 5550
293 650 355 715 104
558 651 624 701 Pars
642 653 664 703 1.
699 652 800 716 Hymni
819 652 999 717 antiquissimi
1017 666 1086 701 saec.
1096 651 1216 702 -V.-—XI.

299 826 328 884 3.
362 824 434 900 Rex,
460 822 582 895 Christe,
605 829 704 882 nostra
721 822 857 900 bambae,
910 826 941 883 4.
974 822 1019 882 Sit
1040 822 1165 881 trinitati
1185 822 1287 896 gloria,

360 909 405 967 Tu
426 914 519 966 motus
541 909 636 967 earnis
657 908 759 967 cohibe
976 908 1084 980 Virtus,
1107 908 1208 983 honor,
1231 908 1362 984 victoria,

363 993 481 1066 Nosque
501 993 530 1051 iu
551 994 634 1052 bonis
656 994 761 1053 robora
975 993 1064 1064 Quam
1088 1010 1139 1051 sua
1160 993 1281 1052 laudant
1302 1009 1392 1067 opera

360 1078 440 1137 Dans
459 1078 578 1151 pietatis
600 1079 743 1152 spiritum.
974 1076 1011 1139 In
1034 1079 1211 1137 saeculorum
1233 1080 1358 1138 saecula.

853 1267 908 1326 ΙΙΙ.

298 1404 326 1463 1.
362 1402 421 1462 Sub
444 1403 531 1462 caelis
554 1418 645 1477 aquae
667 1401 822 1477 confluunt,
909 1405 939 1466 3.
973 1404 1054 1462 Fons
1076 1404 1161 1480 ritae,
1185 1403 1269 1462 nobis
1291 1401 1411 1461 influens

358 1488 462 1547 Virens
484 1495 604 1561 apparet
628 1489 720 1560 arida,
972 1489 1117 1547 Virtutum
1139 1490 1250 1561 quadro
1272 1489 1391 1569 tramite,

357 1573 406 1633 Fit
429 1575 581 1646 paradisus
603 1574 718 1632 Domini
974 1574 1040 1632 Tibi
1062 1590 1114 1631 nos
1136 1575 1250 1632 bortum
1272 1572 1379 1646 pertice

359 1657 453 1717 Saecli
475 1660 586 1718 dierum
608 1660 700 1718 tertie.
975 1659 1096 1718 Sanctae
1118 1658 1193 1717 dono
1214 1659 1362 1720 scientiae.

297 1848 326 1909 2.
360 1848 465 1904 Aetate
486 1847 574 1905 saecli
596 1847 682 1906 tertia
908 1851 961 1910 4.¹
976 1847 1021 1907 Sit
1042 1846 1167 1905 trinitati
1188 1847 1290 1923 gloria,

359 1930 466 1989 Gentes
488 1932 517 1988 in
540 1932 599 1991 ritu
621 1938 733 2007 coeunt,
975 1932 1084 2007 Virtus,
1106 1932 1206 1999 honor,
1230 1933 1361 2004 victoria,

359 2015 464 2074 Sancta
486 2018 577 2090 surgit
599 2018 741 2091 plantetis
974 2017 1064 2087 Quam
1086 2034 1138 2075 sua
1159 2016 1280 2076 laudaut
1301 2034 1389 2090 opera

358 2101 492 2161 Hebraea
516 2118 586 2175 gens
607 2103 637 2160 in
660 2103 799 2186 patribus.
974 2104 1009 2160 In
1031 2103 1209 2161 saeculorum
1231 2103 1356 2162 saecula.

850 2292 901 2351 IV.

296 2429 324 2489 1.
358 2428 438 2490 Caeli
460 2433 617 2502 perornant
640 2444 781 2487 cameram
906 2431 935 2489 8.
970 2428 1030 2501 Sol,
1054 2429 1178 2502 Christe,
1201 2444 1252 2486 nes
1274 2427 1384 2486 irradia

355 2513 498 2573 Mundum
521 2514 629 2600 calore,
639 2519 802 2586 temperans
846 2566 848 2571 .
970 2513 1050 2571 Dans
1074 2514 1149 2571 dona
1170 2513 1364 2588 fortitudinis,

358 2598 417 2674 Sol,
440 2600 508 2657 luna
530 2615 593 2657 cum
616 2598 758 2658 sideribus
970 2599 1105 2672 Tuusque
1127 2598 1237 2656 candor
1258 2596 1347 2657 iaciat
1391 2587 1396 2594 ’

357 2684 468 2761 Quarto
492 2686 601 2743 dierum
625 2684 740 2745 saeculi.
970 2684 1121 2742 Ministros
1142 2684 1223 2742 verbi
1245 2683 1420 2758 splendidos.

294 2877 324 2937 2.
357 2875 462 2931 Aetate
484 2880 586 2946 quarta
608 2873 716 2932 saeculi
906 2875 936 2931 4.
972 2872 1016 2930 Sit
1037 2872 1161 2931 trinitati
1182 2872 1284 2948 gloria,

359 2958 448 3031 Regni
472 2959 561 3016 virtus
584 2958 719 3016 Davidici
972 2959 1081 3033 Virtus
1105 2955 1360 3031 honor,vietnr1a,

358 3043 427 3101 Cum
450 3059 595 3117 synagoga
617 3043 773 3120 splenduit,
972 3045 1063 3115 Quam
1086 3059 1137 3102 sua
1158 3042 1279 3101 laudant
1301 3059 1389 3115 opera

357 3127 455 3186 Sancti
478 3130 637 3203 prophetae
659 3130 783 3190 radiant.
971 3131 1006 3186 In
1029 3129 1208 3186 saeculorum
1230 3128 1355 3189 saecula.

860 3317 895 3380 V.

299 3453 327 3514 1.
362 3454 460 3511 iussae
482 3455 646 3526 producunt
667 3454 771 3527 reptile
909 3457 939 3516 8.
974 3455 1098 3528 Christe,
1119 3454 1238 3512 verbum
1259 3452 1382 3531 volatile,

360 3541 461 3611 Aquae
484 3538 606 3597 viventis
628 3539 749 3611 animae,
972 3539 1076 3616 Piscis,
1100 3539 1185 3597 homo
1206 3538 1259 3597 sub
1282 3545 1414 3611 tempore.

360 3624 439 3694 Quae
462 3625 548 3694 colos,
571 3641 660 3697 aquas
680 3632 828 3696 permeant
973 3624 1069 3682 Verbo
1091 3625 1237 3697 sacrisque
1258 3639 1393 3696 promove

359 3709 466 3783 Quinto
491 3709 601 3768 dierum
624 3711 740 3770 saeculi.
972 3711 1041 3769 Alto
1063 3717 1127 3768 tuos
1148 3709 1278 3769 coasilio.

295 3899 325 3959 2.
358 3901 465 3957 Aetate
487 3898 586 3970 quinta
608 3898 725 3969 saeculi,
910 3900 941 3959 4.
973 3897 1017 3956 Sit
1039 3897 1161 3955 trinitati
1183 3897 1284 3971 gloria,

360 3984 468 4057 Iudaea
490 3999 546 4055 qua
567 3998 637 4055 gens
660 3983 781 4055 exsulat,
977 3983 1084 4059 Virtus,
1108 3982 1207 4054 honor,
1232 3982 1363 4057 victoria,

359 4069 470 4126 Partim
493 4083 524 4125 se
546 4069 647 4125 miscet
669 4067 810 4140 gentibus,
974 4070 1064 4142 Quam
1087 4084 1139 4126 sua
1160 4068 1282 4126 laudant
1303 4083 1391 4140 opera

361 4153 468 4212 Partim
491 4170 542 4227 spe
564 4154 659 4211 caelos
683 4153 803 4215 habitat.
972 4155 1006 4210 ln
1029 4153 1207 4210 saeculorum
1230 4154 1356 4213 saecula.

780 4403 783 4407 .
852 4342 902 4401 VI.

298 4479 325 4538 1.
360 4478 453 4536 Homo
473 4475 601 4536 facturae
624 4477 758 4536 conditae
908 4481 937 4539 2.
973 4481 1076 4536 Aetate
1098 4482 1180 4535 sexta
1202 4478 1311 4535 saeculi

359 4562 522 4621 Plasmatur
545 4563 630 4621 decus
652 4562 749 4621 nobile
974 4563 1115 4637 Christus,
1139 4563 1226 4622 decus
1248 4562 1393 4638 ecelesiae,

363 4647 496 4705 Divinam
519 4648 557 4706 ad
580 4649 730 4721 imaginem
971 4651 1038 4706 Iure
1060 4645 1225 4720 praefertur
1246 4647 1377 4706 omnibus

360 4733 444 4792 Sesto
469 4733 578 4791 dierum
601 4734 717 4794 saeculi.
975 4733 1069 4791 Patris
1086 4734 1179 4806 imago
1202 4733 1324 4805 genitus.

246 4866 288 4948 ἱ
