3642 5550
581 593 648 643 Pars
666 593 688 642 I.
723 592 825 657 Hymni
843 594 1023 666 antiquissimi
1042 608 1111 643 saec.
1129 594 1244 644 V.-XI.

710 794 738 851 4.
767 796 900 863 Hymnus
918 796 1104 852 Nocturnus.

368 952 397 1014 1.
430 954 539 1027 Magna
561 960 591 1011 et
611 954 758 1013 mirabilia
780 970 869 1028 opera
891 960 942 1013 tna
962 959 1038 1030 sunt,
1061 954 1193 1033 Domine,
1217 954 1295 1013 Dens
1315 954 1503 1027 omnipotens.

366 1041 395 1100 2.
430 1040 526 1097 Iustae
549 1044 578 1097 et
599 1056 686 1099 verae
708 1047 775 1099 sunt
797 1040 959 1114 vinariae,
983 1040 1114 1114 Domine,
1138 1056 1190 1098 rex
1211 1040 1349 1113 gentium.

366 1126 397 1185 3.
430 1125 500 1196 Quis
522 1141 578 1183 non
601 1125 715 1183 timebit
738 1132 767 1183 et
789 1123 985 1199 magnificabit
1006 1141 1109 1183 nomen
1131 1124 1234 1184 tuum?

365 1214 395 1271 4.
428 1210 566 1283 Quoniam
589 1216 621 1269 tu
642 1212 720 1269 solus
742 1219 859 1269 sanetus
882 1216 910 1268 et
933 1211 1016 1287 pius3

366 1298 395 1355 5.
429 1296 469 1354 Et
481 1311 579 1355 omnes
595 1302 694 1369 gentes
711 1296 826 1355 venient
841 1302 870 1353 et
884 1297 1047 1355 adorabunt
1059 1311 1162 1354 nomen
1173 1303 1253 1354 tunm
1265 1296 1318 1354 sub
1332 1297 1424 1355 oculis
1436 1298 1500 1373 tuis,

365 1384 394 1442 6.
429 1381 569 1452 Quoniam
590 1382 719 1440 iustitiae
741 1388 808 1440 tuae
829 1379 1032 1440 manifestatae
1054 1387 1130 1441 sunt.

389 1550 473 1600 Piala
492 1555 519 1600 et
536 1551 634 1613 Hymu.
653 1566 701 1600 ms.
720 1551 812 1601 insert.
832 1552 897 1615 orig.
917 1565 986 1600 saec.
1003 1546 1046 1600 ⁸le.
1082 1551 1147 1602 Cod.
1165 1551 1287 1600 Vatican.
1299 1551 1393 1616 Regin.
1413 1547 1453 1600 11.
1471 1577 1503 1585 -

321 1617 338 1671 6
361 1619 533 1669 manifestati.
556 1644 591 1653 -
609 1621 664 1669 Der
681 1619 803 1684 Hymnus
826 1620 862 1668 ist
879 1618 933 1669 fast
948 1618 1068 1669 wdrtlich
1086 1617 1206 1669 entlehnt
1223 1634 1271 1669 aus
1290 1618 1400 1682 Apocal.
1420 1615 1465 1681 15,
1487 1614 1504 1669 3

323 1687 376 1737 und
393 1684 418 1737 4.
453 1688 531 1748 Aber,
549 1687 584 1736 da
601 1686 648 1737 ihn
666 1687 710 1738 die
728 1688 781 1738 alte
800 1688 894 1749 Quelle
912 1687 952 1737 als
974 1683 1120 1752 „Hymnus
1138 1683 1298 1738 noctumus“
1318 1686 1504 1737 ausdrinclrlich

320 1755 476 1807 bezeichnet
496 1755 550 1805 und
573 1756 621 1806 ihn
645 1755 745 1806 sowohl
767 1757 907 1807 Caesarius
932 1756 972 1805 als
996 1755 1155 1806 Aurelianus
1178 1772 1231 1807 von
1254 1756 1330 1805 Arles
1353 1761 1432 1806 unter
1454 1756 1504 1806 den

321 1820 451 1890 Hymaeat
474 1825 600 1885 nitieren‚
624 1840 650 1874 u.
675 1841 721 1873 zw.
746 1825 787 1875 als
811 1823 931 1885 solehen,
950 1824 997 1873 der
1017 1837 1050 1888 „a
1069 1821 1188 1874 seeundo
1205 1820 1355 1875 ncctwno“
1375 1840 1409 1874 nn
1426 1824 1504 1875 beten

321 1894 369 1953 sei,
388 1892 477 1943 schien
497 1908 524 1943 es
545 1893 630 1959 billig,
649 1893 716 1944 auch
734 1894 832 1944 diesem
845 1894 918 1943 alten
929 1894 1052 1957 Hymnus
1064 1898 1133 1942 treta
1145 1894 1192 1943 der
1203 1893 1414 1958 ungebundenen
1426 1894 1503 1943 Form

320 1962 379 2011 hier
397 1962 475 2012 einen
490 1961 567 2011 Platn
586 1963 762 2013 anznweisen.

571 2214 600 2271 ὁ.
629 2214 686 2270 llio
704 2214 866 2270 liomlnlca
882 2217 922 2270 ad
939 2215 1109 2273 llatntluas
1126 2215 1255 2272 Laudes.
1296 2233 1299 2239 ·

344 2375 374 2434 1.
408 2372 498 2449 Deus,
521 2373 570 2446 qui
591 2374 664 2431 caeli
686 2374 781 2431 lumen
804 2390 835 2432 es
963 2376 992 2434 6.
1026 2374 1068 2431 Te
1083 2389 1167 2443 nunc,
1184 2374 1321 2447 salvator,
1333 2388 1505 2445 quaesumus

410 2458 553 2532 Satorque
574 2459 657 2533 lucis,
681 2461 730 2531 qui
752 2460 851 2532 polum
1026 2458 1149 2531 Tibique
1172 2457 1419 2533 genuflectimus,

408 2544 533 2602 Paterno
556 2541 659 2602 fultum
682 2543 801 2602 brachio
1026 2545 1144 2603 Patrem
1167 2561 1230 2602 cnm
1253 2550 1353 2602 sancto
1376 2543 1480 2615 spiritu

407 2630 563 2689 Praeclara
585 2630 690 2703 pandis
714 2630 850 2705 dextera,
1025 2629 1108 2688 Totis
1130 2646 1263 2703 rogamus
1287 2628 1423 2689 vocibus:

344 2802 375 2863 2.
408 2801 523 2860 Aurora
544 2801 644 2859 stellae
666 2801 722 2858 iam
744 2800 816 2874 tegit
961 2801 990 2862 7.
1024 2803 1120 2880 Pater,
1145 2801 1195 2874 qui
1216 2801 1311 2859 caelos
1335 2800 1475 2872 contines,

408 2886 538 2945 Rubrum
561 2887 715 2944 sustollens
734 2887 884 2962 gurgitem,
1025 2887 1180 2946 Cantemus
1202 2902 1278 2944 nunc
1293 2902 1396 2944 nomen
1411 2893 1502 2954 tuum,

408 2972 558 3030 Humectis
580 2987 703 3045 namque
724 2969 841 3029 flatibus
1023 2972 1170 3031 Adveniet
1192 2988 1310 3044 regnum
1333 2979 1415 3029 tunm

409 3043 530 3116 Terrad
553 3057 704 3130 baptizans
727 3057 851 3118 roribus.
1023 3057 1147 3131 Fiatque
1171 3058 1302 3116 voluntas
1324 3061 1391 3132 tue;

345 3230 376 3289 3.
412 3227 520 3286 Currus
541 3226 598 3285 iam
621 3227 716 3299 poscit
730 3225 888 3286 Phosforus
963 3229 993 3288 8.
1027 3228 1124 3301 Haec,
1151 3227 1276 3299 inquam,
1299 3228 1434 3286 voluntas
1456 3232 1505 3285 tua

408 3313 510 3372 Rodiis
533 3312 660 3385 rotisque
681 3310 830 3388 flammeis,
1027 3312 1118 3372 Nobis
1141 3313 1255 3389 agenda
1277 3312 1421 3386 traditur;

410 3399 492 3470 Quod
509 3398 581 3456 caeli
597 3398 739 3456 scandens
750 3398 888 3456 verticem
1027 3399 1122 3458 Simus
1144 3396 1246 3455 fideles
1269 3398 1375 3478 spiritu

410 3482 562 3543 Profectus
584 3499 693 3542 moram
716 3484 858 3542 nesciens.
1025 3484 1113 3544 casto
1135 3490 1284 3541 manentes
1308 3498 1440 3556 corpore.

344 3657 374 3716 4.
408 3656 471 3714 Iam
501 3654 594 3713 noetis
613 3653 715 3711 umbra
736 3653 885 3728 linquitur,
963 3656 993 3718 9.
1026 3655 1134 3713 Panem
1157 3658 1286 3712 nostrum
1309 3652 1429 3711 cottidie

410 3740 511 3798 Polum
534 3739 627 3811 caligo
650 3739 768 3809 deserit,
1025 3738 1070 3797 De
1092 3744 1122 3796 te
1144 3738 1287 3796 edendum
1310 3738 1424 3810 tribue;

409 3825 566 3898 Typusque
588 3825 707 3896 christi,
731 3821 844 3903 lucifer,
1025 3825 1153 3883 Remitte
1175 3824 1259 3882 nobis
1283 3823 1392 3897 debita,

409 3910 493 3970 Diem
516 3909 640 3983 sopitum
663 3909 815 3970 suscitans.
1025 3909 1067 3968 Ut
1088 3926 1141 3968 nos
1164 3909 1271 3967 nostris
1297 3908 1479 3968 remittimus.

347 4082 375 4143 5.
410 4079 480 4138 Dies
504 4079 625 4156 dierum,
649 4080 721 4154 aius,
745 4095 785 4151 es,
944 4080 995 4141 10.
1030 4080 1202 4138 Tentatione
1224 4079 1348 4138 subdola

410 4166 553 4241 Lucisqne
574 4166 670 4223 lumen
693 4165 756 4237 ipse
779 4180 818 4241 es,
1028 4165 1131 4224 Indnci
1149 4181 1201 4223 nos
1223 4181 1260 4223 ne
1282 4164 1395 4239 siveris,

410 4252 506 4312 Unum
529 4256 632 4324 potens
653 4265 707 4323 per
728 4251 834 4321 omnia,
1028 4250 1086 4309 Sed
1109 4266 1182 4323 puro
1205 4250 1293 4307 corde
1316 4249 1463 4322 supplices

410 4338 517 4397 Potens
538 4337 569 4394 in
590 4352 678 4394 unum
701 4335 826 4395 trinitas.
1025 4336 1071 4394 Tu
1092 4351 1180 4394 noea
1202 4337 1278 4394 malo
1300 4335 1404 4398 libera.

395 4503 504 4556 Colleet.
529 4509 556 4555 et
576 4505 675 4569 Hymn.
700 4520 748 4554 ms.
771 4505 947 4554 Murbacense
967 4501 1151 4568 tulugiense)
1174 4518 1242 4553 saec.
1265 4499 1300 4564 (8.
1324 4502 1360 4564 et)
1381 4498 1406 4552 9.
1442 4499 1508 4551 eon

326 4574 454 4626 Oxonien.
476 4573 552 4622 Bodl.
575 4573 634 4622 Iun.
658 4569 700 4622 25.
724 4572 757 4622 A.
775 4599 809 4608 -
828 4573 938 4623 Collect.
962 4576 988 4622 et
1011 4571 1109 4635 Hymn.
1134 4587 1182 4621 ms.
1206 4572 1366 4622 corbeiense
1389 4584 1459 4619 saec.
1482 4566 1506 4618 9.

326 4640 390 4692 cod.
413 4641 527 4692 Parisin.
547 4637 645 4691 14088.
660 4643 693 4692 Β.
710 4667 744 4675 -
762 4640 845 4690 Psalt.
864 4645 891 4691 et
907 4640 1006 4705 Hymn.
1025 4655 1073 4689 ms.
1090 4639 1275 4690 Rhenoviense
1295 4654 1363 4689 saec
1381 4635 1406 4688 9.
1442 4635 1507 4688 cod

325 4710 447 4761 Turieen.
464 4708 549 4761 Rhen.
568 4706 610 4760 34.
629 4711 658 4760 C.
676 4735 709 4744 -
730 4706 752 4770 1,
773 4706 786 4757 l
806 4711 879 4760 Deus
902 4711 949 4775 qni
966 4713 1037 4758 certe
1054 4708 1145 4758 lumen
1162 4712 1204 4759 est
1219 4709 1251 4758 B.
1268 4733 1303 4742 —
1322 4704 1346 4768 l,
1363 4702 1380 4756 3
1398 4705 1510 4771 phultun
