3642 5550
423 1606 475 1686 A.
515 1606 677 1709 Hymni
705 1606 760 1687 dc
788 1605 961 1686 Sanctis
989 1604 1257 1685 Communes.

561 1964 622 2018 107.
650 1964 685 2017 ln
704 1964 881 2018 sanctorum
898 1963 1126 2029 Apostolorum.

326 2138 368 2200 R.
404 2141 432 2203 1.
466 2140 572 2199 Adnue
594 2139 717 2215 Christe,
741 2140 921 2197 saeculomm
943 2138 1075 2213 Domine,

465 2224 557 2283 Nobis
580 2240 632 2297 per
654 2224 756 2283 horum
777 2225 832 2282 tibi
855 2240 923 2282 cara
945 2225 1058 2297 merita,

465 2310 506 2369 Ut
526 2310 575 2382 qui
596 2316 626 2367 te
648 2325 745 2368 coram
767 2310 895 2384 graviter
918 2309 1098 2382 deliquimuS,

466 2395 578 2453 Horum
601 2396 747 2454 solvamur
768 2396 900 2469 gloriosis
923 2394 1067 2467 precibus.

400 2586 429 2643 2.
466 2583 563 2657 Salva,
587 2582 764 2656 redemptor,
787 2584 898 2655 plasma
921 2588 1001 2640 tuum
1023 2581 1129 2653 nobile,

466 2668 614 2740 Signatum
637 2675 737 2726 sancto
761 2668 855 2726 vultus
879 2668 922 2725 tui
944 2668 1060 2739 lumine,

463 2752 509 2812 Ne
531 2753 654 2812 lacerari
676 2753 754 2812 siuas
777 2751 880 2813 fraude
902 2753 1081 2825 daemonum,

463 2839 590 2912 Propter
612 2839 689 2912 quod
712 2840 812 2897 mortis
835 2839 986 2897 exsolvisti
1009 2840 1145 2911 pretium.

402 3030 431 3088 3.
465 3026 539 3085 Dole
559 3027 690 3099 captivos
712 3041 776 3084 esse
798 3032 862 3084 tuos
884 3027 1024 3100 servulos,

465 3112 594 3171 Absolve
619 3127 693 3183 reos,
717 3112 894 3184 compeditos
918 3112 996 3184 erige

464 3198 512 3269 Et,
536 3214 607 3270 quos
631 3213 732 3256 cruore
754 3197 903 3255 redemisti
925 3197 1054 3275 proprio,
1157 3212 1161 3227 ยน

463 3283 527 3342 Rex
550 3282 633 3360 bone,
656 3288 751 3340 tecum
773 3281 820 3341 fac
842 3283 969 3356 gaudere
991 3283 1142 3355 perpetim.

404 3475 435 3532 4.
471 3471 516 3530 Sit
535 3471 599 3546 tibi,
623 3472 698 3541 lesu,
721 3470 873 3528 benedicte
895 3469 1027 3542 Domine,

467 3556 577 3625 Gloria,
599 3556 702 3627 virtus,
726 3556 866 3613 honoret
887 3555 1040 3628 imperium

464 3642 530 3701 Una
553 3658 617 3699 cum
639 3646 723 3714 patre
743 3646 900 3712 sanctoque
922 3640 1074 3713 paraclito,

465 3726 534 3785 Cum
557 3727 659 3800 quibus
682 3742 784 3798 regnas
806 3726 885 3784 Deus
907 3731 974 3783 ante
996 3725 1121 3785 saecula.

769 3891 786 3930 lt
896 3890 914 3929 *

832 3939 849 3976 >k

253 4088 280 4147 1.
315 4084 439 4142 Andrea
461 4084 519 4156 pie,
870 4087 899 4144 2.
934 4085 1008 4143 Bina
1031 4083 1162 4140 caelestis

359 4176 524 4227 sanctorum
546 4170 704 4242 mitissime,
976 4170 1059 4228 aulae
1081 4167 1242 4240 luminaria,

318 4254 423 4315 Obtinc
439 4255 545 4312 nostris
710 4306 715 4317 ,
933 4255 1039 4313 Iacobo
1061 4269 1171 4310 necnon

362 4340 506 4398 erratibus
529 4339 641 4397 veniam
977 4339 1124 4397 Iohannes
1143 4337 1287 4410 theologe,

318 4426 367 4497 Et,
391 4426 440 4497 qui
461 4441 615 4499 gravamur
935 4424 1048 4484 Poscite
1069 4423 1153 4480 nobis

361 4511 476 4569 sarcina
498 4511 704 4584 peccaminum,
979 4509 1091 4567 veniam
1113 4507 1291 4580 rogantibus,

320 4595 445 4654 Subleva
467 4597 524 4654 tuis
935 4595 1023 4666 Quam
1047 4592 1126 4650 venit
1148 4593 1280 4652 Christus

362 4681 626 4740 intercessionibus.
978 4680 1068 4754 gratis
1092 4680 1162 4737 dare
1185 4679 1308 4738 miseris.
