3642 5550
642 642 678 692 Π.
703 642 744 691 Do
762 640 876 691 Sanctis.
893 668 928 676 -
945 641 986 691 De
1003 656 1024 691 s.
1042 640 1181 691 Michaele.
1432 635 1496 700 333

319 816 441 867 coetibus
464 815 522 865 DE.
542 841 573 850 —
591 812 623 875 9,
649 811 661 862 1
681 814 809 873 Michael,
832 818 862 863 tu
885 812 1017 863 intercede
1035 813 1088 863 ΒΟ.
1105 839 1140 847 -
1157 809 1187 873 9,
1210 808 1228 860 2
1250 810 1373 862 amabilis
1391 810 1443 860 ΒΟ.
1462 838 1496 847 -

320 883 361 945 10,
381 882 394 934 l
413 886 438 936 0
455 888 574 950 patrone,
591 899 640 933 nos
658 882 767 933 defende
783 883 836 933 ΒΟ.
854 909 889 915 -
914 878 954 943 10,
973 879 989 930 2
1006 884 1060 930 tuis
1078 882 1131 931 ΒΟ.
1150 907 1182 915 -
1203 877 1242 940 10,
1259 878 1278 929 4
1294 894 1444 945 premamur
1461 879 1495 928 ab

318 953 377 1004 DE.
402 982 436 990 -
461 949 506 1012 ll,
532 949 545 1001 l
569 952 665 1001 Sancte
687 951 796 1002 Gabriel
819 952 915 1000 assiste
938 949 991 1001 ΒΟ.
1015 976 1046 984 —
1073 947 1117 1011 13,
1143 947 1155 999 l
1179 951 1215 999 sit
1237 950 1287 999 tibi
1312 950 1368 998 Deo
1392 946 1444 997 ΒΟ.
1462 973 1496 982 -

321 1019 361 1082 13,
380 1018 397 1072 3
415 1022 528 1087 Compar
546 1022 593 1071 tibi
615 1037 658 1086 pn.
670 1020 723 1070 ΒΟ.
736 1046 770 1053 -
781 1021 845 1069 Man
863 1020 940 1078 sieht,
958 1020 1042 1069 wleB
1059 1035 1085 1068 u.
1098 1019 1127 1069 Ο.
1144 1018 1327 1083 gleiehmatstg
1343 1016 1497 1067 abweichen

318 1090 481 1141 namentlich
498 1089 580 1139 durch
599 1088 776 1155 Abi-nderung
794 1105 822 1138 rn
840 1086 944 1138 direkte
961 1087 1072 1138 Aurede.

689 1325 752 1381 149.
780 1326 815 1380 ln
834 1325 935 1382 sancti
952 1324 1123 1381 lllohaolls.

342 1472 369 1533 1.
404 1466 618 1543 Archangelum
630 1468 732 1526 mirum
740 1486 883 1544 magnum,
958 1471 987 1528 9.
1021 1465 1059 1527 In
1082 1468 1211 1525 exercitu
1232 1466 1386 1542 caelorum,

446 1555 619 1613 Michaelem
641 1555 770 1623 militem,
1064 1554 1094 1611 in
1117 1554 1254 1611 virtutum
1277 1552 1390 1624 agmine

405 1641 483 1699 Miro
507 1637 618 1713 fulgore
641 1638 797 1712 fulgentem
1020 1640 1123 1697 Nonne
1145 1637 1236 1711 fulget
1257 1636 1365 1695 Michel
1388 1638 1476 1694 mirus

449 1742 618 1785 veneramur
639 1725 809 1799 principem,
1062 1724 1256 1798 pulcherrimo
1278 1721 1405 1780 ardore?

343 1902 372 1958 2.
407 1897 489 1957 Bene
512 1898 658 1955 conditum
681 1914 698 1954 a
719 1898 781 1955 Deo
937 1897 986 1957 10.
1019 1895 1130 1954 Kastro
1156 1896 1300 1953 caelorum
1323 1897 1497 1965 constmcto,

449 1983 487 2040 ad
510 1999 662 2055 supernam
684 1984 813 2061 gloriam,
1065 1981 1178 2039 devicto
1201 1979 1327 2050 diabolo,

407 2067 488 2127 Bene
511 2072 727 2141 cognoscentem
750 2069 841 2126 Deum
1021 2068 1101 2125 Tunc
1131 2064 1254 2139 fulgebit
1277 2064 1386 2123 Michel
1409 2064 1498 2121 mirus

450 2171 585 2226 suamque
608 2160 779 2215 creaturam.
1065 2169 1127 2211 oum
1150 2153 1268 2210 cohorte
1288 2150 1415 2209 credulo.

343 2328 372 2387 3.
408 2322 496 2385 Cuius
520 2326 589 2398 vita,
613 2326 693 2383 cuius
720 2326 819 2399 virtus,
939 2326 989 2384 11.
1023 2322 1090 2383 Lux
1120 2323 1264 2382 caelorum
1286 2338 1319 2380 ac
1341 2326 1497 2393 terrarum,

450 2411 530 2470 cuius
553 2418 644 2469 status
668 2411 789 2480 stabilis,
1059 2404 1261 2482 praeclarum,
1285 2406 1418 2465 mirabile

407 2494 495 2557 Unius
516 2504 643 2570 potest-as
665 2515 682 2554 a
705 2498 767 2554 Deo
1021 2495 1113 2555 Omen
1136 2501 1220 2566 atque
1241 2511 1348 2553 comeo
1366 2509 1499 2568 magnum

450 2599 560 2656 magna,
585 2581 774 2644 admirabilis.
1064 2580 1215 2639 Michaelis
1239 2580 1361 2639 celebre.
1422 2648 1425 2653 Ι

343 2760 377 2817 4.
408 2752 488 2814 Deus
511 2755 592 2814 dedit
613 2753 785 2814 Michaelem
940 2754 989 2816 12.
1024 2750 1242 2825 Magistratibns
1265 2750 1408 2809 caelorum

450 2841 638 2914 principalem
662 2849 817 2916 pastorem,
1066 2844 1152 2911 atque
1174 2836 1333 2911 legionibus

407 2925 487 2985 Deus
509 2927 588 2984 illum
612 2927 758 2985 ordinavit
1023 2925 1102 2983 Deus
1125 2923 1206 2982 dedit
1227 2922 1400 2981 Michaelem

451 3012 593 3070 hominum
617 3017 819 3086 protectorem.
958 3075 961 3081 ¹
1067 3011 1167 3069 docem
1190 3009 1287 3067 mulus
1309 3007 1435 3068 milibus.

342 3188 372 3243 5.
406 3182 525 3242 Electus
548 3188 634 3255 atque
654 3189 834 3242 constructus
939 3185 988 3242 13.
1022 3181 1126 3242 Nonne
1149 3180 1273 3254 armiger
1294 3179 1421 3252 potentis

450 3269 565 3327 Domini
588 3268 750 3343 prudentia,
1066 3266 1242 3340 belligerque
1264 3264 1408 3324 rectoris?

405 3353 545 3413 Eleoatos
568 3371 601 3412 ao
621 3352 767 3414 formatus
1023 3351 1500 3424 NonneMiohaelmagnusmanet,

449 3441 505 3499 Dei
526 3440 678 3516 sapientia.
934 3487 936 3491 .
1065 3454 1165 3496 manus
1187 3435 1271 3496 fortis
1295 3434 1436 3493 factoris?

343 3614 372 3672 6.
406 3609 592 3671 Fortitudine
614 3610 718 3670 bellica
940 3612 990 3671 14.
1024 3607 1274 3681 0archangelom
1295 3605 1451 3680 caelestem,

451 3698 642 3755 consternatis
666 3696 787 3755 celebris
1066 3713 1083 3753 o
1105 3694 1267 3754 temestrem
1289 3692 1424 3767 iudicem,

407 3783 465 3841 Pro
488 3784 579 3841 salute
601 3783 768 3857 triumphali
1024 3778 1049 3842 0
1072 3786 1218 3853 ornatum,
1242 3781 1420 3849 decoratum,

450 3868 632 3941 humanique·
644 3870 766 3942 generis.
1068 3884 1085 3924 o
1101 3863 1265 3940 probatum
1286 3864 1421 3922 militem!

343 4039 371 4101 7.
407 4034 538 4101 Gloriam
562 4040 617 4099 Dei
640 4040 786 4098 contendit
940 4041 989 4099 15.
1024 4035 1241 4110 Principalibus
1264 4035 1409 4095 doctrinis

450 4142 512 4182 cum
534 4140 672 4200 perverso
696 4125 823 4197 ductore,
1068 4123 1230 4195 divinisque
1253 4120 1369 4181 vocibus

406 4213 477 4271 Cum
499 4211 567 4290 olirp
590 4212 807 4292 altercaretur
1023 4210 1167 4282 Princeps
1191 4208 1335 4266 exercitus
1358 4206 1423 4282 Dei,

450 4296 486 4354 de
501 4297 632 4371 Moysico
653 4312 784 4373 corpore,
1066 4294 1186 4368 insignis
1209 4291 1371 4352 adfatibus:

343 4469 373 4530 8.
407 4466 495 4526 Hanc
503 4469 645 4545 nimirum,
655 4485 738 4540 quam
748 4468 927 4541 praeclaram
940 4471 988 4529 16.
1024 4465 1094 4547 Quis
1116 4466 1204 4523 maris
1226 4462 1443 4541 profunditatis,

449 4554 606 4613 continebit
628 4554 759 4629 gloriam,
1067 4554 1131 4625 quis
1154 4551 1226 4609 caeli
1251 4550 1287 4608 de
1309 4550 1454 4628 extremis,

408 4640 478 4699 Cum
502 4647 631 4699 conteret
652 4639 851 4698 antichristum
1024 4636 1094 4718 Quis
1116 4637 1248 4718 conscius
1270 4635 1409 4694 celsitatis

448 4742 503 4800 per
525 4727 627 4786 miram
650 4725 809 4787 victoriam.
1071 4726 1185 4786 Adonai
1206 4724 1243 4782 de
1264 4720 1419 4797 supernis?
