3642 5550
318 607 379 671 156
575 608 640 656 Pars
659 607 679 656 1.
709 608 809 669 Hymni
827 608 1007 672 antiquissimi
1025 621 1093 656 saec.
1110 607 1226 656 V.-XI.

424 782 528 840 Omnes
551 780 682 853 martyrii
705 779 829 851 palmam
853 780 901 851 qui
925 777 1007 837 fertis
1029 779 1164 856 alacrem,

467 867 525 923 Vos
547 865 629 924 nobis
650 865 803 923 Dominum
827 864 978 923 conciliate
1001 865 1088 937 pium.

362 955 400 1012 25
426 952 558 1024 Gregori,
580 951 716 1023 Martiae,
741 950 809 1023 Leo,
834 950 980 1027 Silvester‚
1005 950 1146 1029 Amande,

467 1038 581 1109 Vosque
603 1037 776 1112 sacerdotes,
802 1035 965 1093 continuate
988 1051 1098 1107 preces.

424 1124 521 1196 Agnes
543 1131 628 1194 atque
650 1120 788 1195 Agathos,
813 1120 948 1195 Caecilia,
972 1122 1081 1197 Prisca,
1106 1121 1204 1199 Lucia,

468 1208 582 1268 Pascite
604 1223 657 1279 pro
681 1205 764 1264 nobis
788 1222 851 1263 cum
873 1206 991 1279 reliquis
1014 1206 1109 1266 sociis.

424 1295 598 1353 Cunctorum
621 1292 732 1364 pariter
753 1297 917 1351 sanctornm
941 1298 1041 1350 sancta
1062 1299 1189 1367 caterva,

362 1382 401 1439 30
467 1382 525 1438 Pro
547 1377 629 1436 nobis
651 1394 702 1435 ora
725 1393 776 1434 nos
799 1373 973 1450 fragilesque
996 1377 1071 1437 iuva.

425 1464 588 1536 Propitiare
610 1463 667 1520 tuis
690 1460 817 1534 famulis,
841 1470 872 1520 tn
892 1468 990 1521 sancte
1013 1462 1189 1534 redemptor.

425 1552 452 1609 A
476 1549 595 1621 sanctie,
618 1565 635 1605 0
656 1547 780 1620 Christe,
804 1547 887 1606 malis
909 1564 962 1606 nos
984 1553 1103 1621 protege
1125 1549 1213 1608 mitis.
1293 1560 1298 1570 ·

425 1638 523 1709 Atque
544 1641 593 1692 tua
616 1649 699 1691 eruce
722 1631 860 1709 salvifica,
883 1634 1019 1711 salvator,
1043 1633 1079 1691 ab
1101 1633 1174 1707 ipsis

426 1723 524 1795 Eripe,
551 1718 671 1795 custodi,
696 1717 741 1776 fer
762 1734 855 1791 opem,
880 1717 1013 1790 defende,
1037 1726 1127 1780 tuere.

363 1810 401 1866 35
426 1808 449 1866 0
473 1807 543 1877 Dec,
568 1821 619 1863 nos
641 1805 780 1864 miserans
803 1805 922 1863 miseros
945 1804 1023 1878 audi,
1047 1810 1076 1862 te
1098 1822 1239 1878 rogamus.

426 1893 470 1950 Tu
492 1907 641 1950 removens
663 1890 735 1948 iram
758 1906 858 1962 pacem
879 1889 987 1963 largire
1010 1890 1139 1963 benigna.

426 1978 560 2050 Optatam
583 1976 676 2051 nobis,
700 1977 765 2033 lesu
787 1975 914 2033 concede
936 1976 1074 2051 salutem,

429 2062 608 2135 Temperiem
632 2067 761 2123 nostro.
787 2108 794 2123 .
818 2106 825 2122 .
849 2060 926 2119 aeris
949 2106 957 2121 .
981 2105 989 2120 .
1013 2108 1021 2124 ,
1046 2108 1053 2123 .

428 2148 473 2205 Da
494 2154 589 2205 terrae
612 2145 721 2204 fructus
744 2151 870 2220 nostrae,
894 2146 1072 2220 commercia,
1096 2147 1207 2222 victus3

364 2235 403 2292 40
428 2234 546 2292 Grande
568 2233 667 2307 procul
691 2230 791 2308 fugiat,
815 2238 971 2304 tempestas
993 2232 1072 2289 nulla
1095 2230 1213 2307 fatiget3

428 2320 472 2377 Tu
495 2318 688 2376 malecuncta
711 2317 786 2389 fuga,
810 2323 841 2375 tu
863 2334 1004 2389 prospera
1027 2324 1130 2375 cuneta
1152 2316 1293 2377 ministra.

429 2405 596 2462 Pontificem
618 2402 678 2478 [pie
698 2403 779 2459 illum
802 2398 942 2481 nostmm]
967 2409 1007 2475 tu,
1031 2403 1157 2474 Christe,
1180 2408 1270 2465 tuere.

428 2490 563 2547 Ecclesia
583 2504 636 2560 per
657 2493 696 2560 te,
721 2488 757 2545 de
779 2493 808 2545 te
830 2489 964 2557 laetetur,
986 2488 1108 2547 atinde

430 2575 563 2633 Gaudeat
586 2579 683 2646 empta
705 2580 753 2631 tuo
776 2574 859 2646 plebs
882 2574 1029 2648 sanguine,
1053 2574 1169 2633 Christe
1190 2573 1322 2648 benigne.

391 2727 499 2778 Collect.
523 2743 571 2777 ms.
590 2727 682 2779 incert,
701 2727 797 2792 origin.
816 2741 884 2775 saec.
904 2722 970 2777 ¹⁰l11.
1003 2726 1072 2783 Cod,
1092 2726 1242 2778 Berolinen.
1260 2728 1341 2778 ἮΙΙ0
1361 2724 1416 2778 155.
1433 2720 1489 2773 -l

322 2795 363 2843 Tu
382 2798 488 2844 nostris.
506 2823 539 2831 —
559 2793 591 2844 12
609 2798 734 2844 iuvamen
752 2811 815 2859 opes
831 2793 926 2861 (gagen
944 2796 995 2845 den
1012 2794 1199 2858 Binneureim).
1216 2823 1251 2831 -
1269 2793 1303 2846 24
1315 2799 1353 2848 Ut
1370 2798 1487 2846 nobis.—

323 2860 357 2912 40
375 2864 472 2914 Grana.
503 2891 524 2899 -
544 2861 577 2913 42
595 2865 763 2928 Porticipem.
783 2891 814 2897 -
834 2867 888 2914 Der
900 2864 1006 2914 Schluss
1025 2864 1071 2914 der
1089 2864 1204 2915 ohnehiu
1222 2865 1296 2915 stark
1315 2864 1488 2930 beschidiglen

323 2931 457 2998 Dichtung
484 2934 520 2983 ist
542 2949 593 2982 nur
613 2932 682 2981 noch
701 2933 875 2983 stellenweisa
892 2932 993 2983 leshar:
1019 2968 1042 2994 ,.
1062 2969 1068 2981 .
1087 2969 1094 2982 .
1112 2933 1209 2997 largire
1227 2949 1368 2999 perennem
1386 2971 1393 2984 .
1411 2970 1417 2982 .
1435 2971 1441 2981 .
1457 2947 1489 2980 ro·

324 3016 416 3063 gamus
436 3036 442 3049 .
461 3038 467 3051 .
487 3039 493 3050 .
512 3006 539 3051 et
555 3016 634 3064 parce
652 3001 794 3065 redemptis
813 3036 819 3049 .
839 3037 845 3050 .
866 3038 872 3051 .
890 3002 962 3062 audi,
980 3004 1032 3052 iam
1050 3004 1151 3066 parcito
1164 3004 1257 3053 nostri.
1289 3002 1395 3053 Christe
1406 2999 1488 3052 exaudi

324 3084 380 3118 nos.
416 3070 499 3133 Kyrie
517 3064 641 3120 eleison.“

393 3138 491 3188 Soweit
513 3138 557 3188 die
575 3137 713 3188 Distichen
737 3138 842 3189 reichen
863 3136 915 3201 (bis
934 3138 1001 3188 Vers
1023 3135 1081 3201 30),
1101 3141 1173 3204 neigt
1189 3139 1235 3190 der
1251 3139 1419 3190 Pentameter
1435 3140 1489 3187 stete

325 3206 504 3256 Binneureim.
522 3233 556 3242 -
574 3208 625 3257 Die
644 3207 778 3272 Dichtung
795 3209 830 3257 ist
848 3210 907 3258 eine
926 3209 1016 3258 hisher
1034 3208 1178 3258 unedierte.

684 3475 748 3533 134.
775 3477 810 3530 ln
828 3475 955 3533 sanctae
974 3476 1123 3544 sparnac.

531 3636 559 3696 1.
593 3635 743 3712 Martyris,
767 3651 842 3713 ecce,
867 3636 929 3694 dics
951 3635 1084 3708 Agathae

594 3722 721 3794 Virginis
744 3722 846 3780 emicat
869 3721 1002 3792 eximiae,

592 3810 656 3880 Qua
678 3806 735 3865 sibi
757 3807 888 3866 Christus
911 3823 974 3865 eam
996 3807 1087 3866 sociat

592 3892 633 3950 Et
653 3892 785 3951 diadema
809 3893 917 3966 duplex
939 3892 1067 3957 decorat.

531 4051 559 4106 2.
594 4046 692 4118 Stirpe
715 4047 829 4118 decens,
852 4047 968 4120 elegans
990 4047 1097 4119 specie,

595 4131 652 4189 Sed
676 4132 766 4205 magis
788 4132 899 4192 actibus
922 4137 1008 4204 atque
1029 4130 1096 4211 fide,

567 4228 570 4232 ·
598 4217 706 4275 Terrea
728 4232 868 4289 prospera
890 4218 932 4275 nil
954 4222 1100 4297 reputans,

596 4298 681 4362 lussa
703 4303 757 4360 Dei
780 4302 836 4360 sibi
858 4303 946 4360 corde
967 4302 1071 4380 ligans,

532 4458 561 4516 3.
595 4455 712 4514 Fortior
733 4456 805 4514 haec
826 4456 1012 4529 tmcibusque
1034 4457 1103 4516 viris

594 4541 737 4614 Exposuit
759 4558 810 4599 soa
832 4542 961 4601 membra
981 4541 1096 4621 flagris,

598 4629 720 4686 Pectore
741 4643 825 4699 quam
848 4625 944 4686 fuerat
965 4628 1072 4703 valido,

597 4712 686 4770 Torta
708 4712 834 4771 mamilla
858 4714 942 4771 docet
963 4715 1072 4786 patulo.
